,file_and_record_id,List_of_items,order_number,order_placed_date,shipped_date,grand_total,subtotal,shipping_cost
0,2023_01_24_amazon-whole foods-112-0641508-4509027.pdf_0,"[{""item name"":""Mitica Caramelized Pecans, 4.41 OZ"",""supplied by"":""Other"",""item price"":""$9.99"",""condition"":""New"",""quantity of item"":""1"",""sold by"":""Whole Foods Market (seller profile)""},{""supplied by"":""Other"",""item name"":""Diestel, Fresh 99%/1% Organic Ground Turkey Breast, 1 lb"",""quantity of item"":""1"",""sold by"":""Whole Foods Market (seller profile)"",""condition"":""New"",""item price"":""$9.99""},{""condition"":""New"",""item name"":""Large Organic Hass Avocado"",""quantity of item"":""1"",""sold by"":""Whole Foods Market (seller profile)"",""supplied by"":""Other"",""item price"":""$1.80""},{""quantity of item"":""2"",""item price"":""$13.99"",""supplied by"":""Other"",""condition"":""New"",""sold by"":""Whole Foods Market (seller profile)""},{""quantity of item"":""1"",""condition"":""New"",""item price"":""$9.49"",""item name"":""365 by Whole Foods Market, Oven-Roasted Turkey Breast Deli Slices, Value Pack, 98% Lean, 14 Ounce"",""sold by"":""Whole Foods Market (seller profile)"",""supplied by"":""Other""},{""sold by"":""Whole Foods Market (seller profile)"",""item name"":""Organic Zucchini Squash"",""condition"":""New"",""quantity of item"":""1 (0.48 lb)"",""item price"":""$1.34"",""supplied by"":""Other""},{""item price"":""$13.79"",""condition"":""New"",""quantity of item"":""1"",""sold by"":""Whole Foods Market (seller profile)"",""item name"":""GoGo squeeZ Organic Fruit on the Go Variety Pack, Apple/Banana/Strawberry, 3.2 oz. (12 Pouches) - Made from Organic Apples, Bananas & Strawberries - Gluten Free Snacks - Nut & Dairy Free - Vegan Snack"",""supplied by"":""Other""},{""sold by"":""Whole Foods Market (seller profile)"",""supplied by"":""Other"",""quantity of item"":""1"",""item name"":""365 by Whole Foods Market, Blend Mexican Shred, 8 Ounce"",""condition"":""New"",""item price"":""$4.29""},{""supplied by"":""Other"",""sold by"":""Whole Foods Market (seller profile)"",""item name"":""Organic Carrots, 1 Bunch"",""quantity of item"":""1"",""condition"":""New"",""item price"":""$2.99""},{""quantity of item"":""1"",""supplied by"":""Other"",""sold by"":""Whole Foods Market (seller profile)"",""item name"":""Bare Gluten Free Organic Apple Chips, Fuji and Red, 3.3 Ounce"",""condition"":""null"",""item price"":""$6.49""},{""supplied by"":""Other"",""condition"":""New"",""quantity of item"":""1"",""item price"":""$5.49"",""item name"":""Organic Blackberries, 6 oz"",""sold by"":""Whole Foods Market (seller profile)""},{""quantity of item"":""1"",""supplied by"":""Other"",""item name"":""Eel River Organic Beef, Beef Ground 93/7 Brick Grass Fed Organic, 16 Ounce"",""condition"":""New"",""sold by"":""Whole Foods Market (seller profile)"",""item price"":""$9.99""},{""item name"":""Clover Sonoma, Organic 2% Reduced Fat Milk, 128 Fl. Oz"",""quantity of item"":""1"",""condition"":""New"",""item price"":""$7.99"",""supplied by"":""Other"",""sold by"":""Whole Foods Market (seller profile)""},{""item price"":""$2.69"",""condition"":""New"",""quantity of item"":""1"",""item name"":""365 by Whole Foods Market, Pretzel Twists Crunchy, 16 Ounce"",""sold by"":""Whole Foods Market (seller profile)"",""supplied by"":""Other""},{""supplied by"":""Other"",""condition"":""New"",""item price"":""$1.74"",""item name"":""Organic Yellow Onion"",""sold by"":""Whole Foods Market (seller profile)"",""quantity of item"":""1 (0.70 lb)""},{""item price"":""$2.48"",""supplied by"":""Other"",""condition"":""New"",""sold by"":""Whole Foods Market (seller profile)"",""quantity of item"":""6 (2.50 lb)"",""item name"":""Organic Banana""},{""item name"":""Applegate, Natural Chicken Nuggets Family Size, 16oz (Frozen)"",""item price"":""$13.99"",""condition"":""New"",""sold by"":""Whole Foods Market (seller profile)"",""supplied by"":""Other"",""quantity of item"":""1""},{""quantity of item"":""1"",""item price"":""$7.29"",""item name"":""Whole Foods Market, Mini Quiche Trio, 15 ct, (Frozen)"",""sold by"":""Whole Foods Market (seller profile)"",""supplied by"":""Other"",""condition"":""New""},{""supplied by"":""Other"",""condition"":""New"",""item name"":""Pork Loin Chop Bone-In Organic Step 1"",""item price"":""$19.98"",""sold by"":""Whole Foods Market (seller profile)"",""quantity of item"":""2.00 lb""},{""quantity of item"":""1"",""item price"":""$6.99"",""item name"":""Santa Cruz Organic Light Roasted Crunchy Peanut Butter, 16 Ounce"",""condition"":""New"",""sold by"":""Whole Foods Market (seller profile)"",""supplied by"":""Other""},{""condition"":""New"",""item name"":""365 by Whole Foods Market, Pretzel Nugget Peanut Butter, 18 Ounce"",""sold by"":""Whole Foods Market (seller profile)"",""supplied by"":""Other"",""item price"":""$5.49"",""quantity of item"":""1""},{""item name"":""Immaculate Baking Organic Flaky Biscuits, 8 Biscuits"",""sold by"":""Whole Foods Market (seller profile)"",""item price"":""$6.79"",""supplied by"":""Other"",""condition"":""New"",""quantity of item"":""1""},{""supplied by"":""Other"",""item name"":""Madegood     Healthy   Granola   Bars,  Chocolate    Chip,  Gluten-Free    Vegan,6    Bars"",""item price"":""$5.29"",""quantity of item"":""1"",""condition"":""New"",""sold by"":""Whole Foods Market (seller profile)""},{""quantity of item"":""1"",""supplied by"":""Other"",""item price"":""$5.79"",""item name"":""365   by  Whole   Foods   Market,   Cheddar    Mild  Stick,6   Ounce"",""condition"":""New"",""sold by"":""Whole Foods Market (seller profile)""},{""quantity of item"":""1 of:365"",""sold by"":""Whole Foods Market"",""condition"":""New"",""item name"":""Whole Foods Market, Cheddar Mild Stick"",""item price"":""$5.79"",""supplied by"":""Other""},{""supplied by"":""Other"",""quantity of item"":""1 (0.51 lb)"",""sold by"":""Whole Foods Market"",""item name"":""SkinnyPop Popcorn, Gluten Free, Dairy Free, Non-GMO, Healthy Snacks, Skinny Pop Original Popcorn Snack Packs"",""item price"":""$4.94"",""condition"":""New""},{""item name"":""Organic Red Bell Pepper"",""condition"":""New"",""quantity of item"":""1 (0.51 lb)"",""sold by"":""Whole Foods Market"",""supplied by"":""Other"",""item price"":""($3.99/lb)""},{""item price"":""($3.99/lb)"",""sold by"":""Whole Foods Market"",""supplied by"":""Other"",""quantity of item"":""6 (2.76 lb)"",""item name"":""Organic Honeycrisp Apples"",""condition"":""New""},{""sold by"":""Whole Foods Market"",""item name"":""Siggi's Mixed Berry Non Fat Yogurt 4 Pack"",""item price"":""$4.05"",""quantity of item"":""1 of"",""condition"":""New"",""supplied by"":""Other""}]",112-0641508-4509027,"January 24,2023","January 24,2023",$232.12,$212.17,$9.95
1,2023_01_29_amazon-fresh-112-2733832-8844256.pdf_0,"[{""condition"":""New"",""supplied by"":""Other"",""item name"":""Carando, Fresh Italian Style Uncooked Abruzzese Meatballs, Blended Cheese and Herbs,16 oz (Frozen)"",""item price"":""$7.49"",""sold by"":""Prime Now LLC (seller profile)"",""quantity of item"":""2""},{""condition"":""New"",""item name"":""Tillamook Medium Cheddar Cheese  Block, 2lb"",""item price"":""$14.79"",""quantity of item"":""1"",""sold by"":""Prime Now LLC (seller profile)"",""supplied by"":""Other""},{""sold by"":""Prime Now LLC (seller profile)"",""quantity of item"":""1"",""item name"":""Oroweat Whole Grains 100%  Whole  Wheat Bread, Baked  with Simple Ingredients & Whole Wheat,8  oz"",""supplied by"":""Other"",""item price"":""$5.69"",""condition"":""New""},{""quantity of item"":""1"",""item price"":""$6.49"",""condition"":""New"",""sold by"":""Prime Now LLC (seller profile)"",""item name"":""Challenge Dairy, Salted Butter Quarters,16 oz"",""supplied by"":""Other""},{""sold by"":""Prime Now LLC (seller profile)"",""item price"":""$6.49"",""item name"":""San Luis Sourdough Bread,8 Oz"",""condition"":""New"",""supplied by"":""Other"",""quantity of item"":""1""}]",112-2733832-8844256,"January 29,2023","January 29,2023",$53.44,$48.44,$0.00
2,2023_02_01_amazon-whole foods-113-9773087-0333047.pdf_0,"[{""item name"":""Whole Foods Market Chocolate Eruption Cake 6 Inch"",""item price"":""$27.99"",""sold by"":""Whole Foods Market (seller profile)"",""quantity of item"":""1"",""supplied by"":""Other"",""condition"":""New""}]",113-9773087-0333047,"February 1,2023","February 1,2023",$42.94,$27.99,$9.95
3,2023_02_06_amazon-whole foods-112-2285846-0481824.pdf_0,"[{""item name"":""365 by Whole Foods Market, Chicken Breast Boneless Skinless Value Pack Organic Step 3"",""item price"":""($7.99/lb)"",""supplied by"":""Other"",""condition"":""New"",""quantity of item"":""1 (4.34 lb)"",""sold by"":""Whole Foods Market (seller profile)""},{""condition"":""New"",""supplied by"":""Other"",""item price"":null,""item name"":""Organic Strawberries, 1 lb"",""sold by"":""Whole Foods Market (seller profile)"",""quantity of item"":""1""},{""sold by"":""Whole Foods Market (seller profile)"",""supplied by"":""Other"",""condition"":""New"",""item name"":""Dufour Pastry Kitchen, All Butter Puff Pastry, 14 oz (Frozen)"",""quantity of item"":""1"",""item price"":null},{""supplied by"":""Other"",""condition"":""New"",""sold by"":""Whole Foods Market (seller profile)"",""quantity of item"":""1"",""item name"":""365 by Whole Foods Market, Corn Yellow Sweet Organic, 16 Ounce"",""item price"":null},{""condition"":""New"",""item price"":null,""item name"":""Whole Foods Market, Bun Brioche Hamburger 6 Count, 10.6 Ounce"",""supplied by"":""Other"",""sold by"":""Whole Foods Market (seller profile)"",""quantity of item"":""1""},{""item name"":""Clover Organic Farms, Organic 1% Low Fat Milk, Pasteurized, Gallon, 128 oz"",""quantity of item"":""1"",""sold by"":""Whole Foods Market (seller profile)"",""condition"":""New"",""supplied by"":""Other"",""item price"":null},{""quantity of item"":""1"",""supplied by"":""Other"",""condition"":""New"",""item price"":null,""item name"":""Muir Glen Organic Diced Fire Roasted Canned Tomatoes, No Salt Added, 14.5 oz."",""sold by"":""Whole Foods Market (seller profile)""},{""item price"":null,""item name"":""Chobani\u00ae Non-Fat Greek Yogurt Peach on the Bottom 5.3oz"",""quantity of item"":""2"",""condition"":""New"",""sold by"":""Whole Foods Market (seller profile)"",""supplied by"":""Other""},{""sold by"":""Whole Foods Market (seller profile)"",""quantity of item"":""1.08 lb"",""item name"":""PRODUCE Organic Pineapple Chunks Small"",""item price"":""($6.99/lb)"",""condition"":""New"",""supplied by"":""Other""},{""sold by"":""Whole Foods Market (seller profile)"",""condition"":""New"",""quantity of item"":""1"",""supplied by"":""Other"",""item price"":null,""item name"":""Organic Red Raspberries, 6 oz""},{""item name"":""365 by Whole Foods Market, Pretzel Nugget Peanut Butter, 18 Ounce"",""sold by"":""Whole Foods Market (seller profile)"",""quantity of item"":""1"",""supplied by"":""Other"",""item price"":null,""condition"":""New""},{""item name"":""Rao's Homemade Marinara Sauce, 24 oz, All Purpose Tomato Sauce, Pasta Sauce, Carb Conscious, Keto Friendly, All Natural, Premium Quality, With Italian Tomatoes & Olive Oil"",""quantity of item"":""1"",""item price"":null,""supplied by"":""Other"",""condition"":""New"",""sold by"":""Whole Foods Market (seller profile)""},{""item name"":""Berry Blueberry Organic, 1 Pint"",""supplied by"":""Other"",""item price"":null,""quantity of item"":""1"",""sold by"":""Whole Foods Market (seller profile)"",""condition"":""New""},{""condition"":""New"",""quantity of item"":""1"",""supplied by"":""Other"",""sold by"":""Whole Foods Market (seller profile)"",""item price"":null,""item name"":""Organic Blackberries, 6 oz""},{""condition"":""New"",""item price"":null,""supplied by"":""Other"",""sold by"":""Whole Foods Market (seller profile)"",""item name"":""365 by Whole Foods Market, Blend Mexican Shred, 8 Ounce"",""quantity of item"":""1""},{""supplied by"":""Other"",""item name"":""Chobani Greek Yogurt, 0%, Black Cherry, 5.3 oz"",""condition"":""New"",""sold by"":""Whole Foods Market (seller profile)"",""item price"":null,""quantity of item"":""2""},{""quantity of item"":""2"",""item price"":null,""supplied by"":""Other"",""condition"":""New"",""item name"":""Chobani Greek Yogurt, 0%, Vanilla, 5.3 oz"",""sold by"":""Whole Foods Market (seller profile)""},{""sold by"":""Whole Foods Market (seller profile)"",""item price"":null,""supplied by"":""Other"",""item name"":""365 by Whole Foods Market, Tofu Firm Organic, 14 Ounce"",""quantity of item"":""1"",""condition"":""New""},{""quantity of item"":""6 (2.57 lb)"",""item name"":""Organic Banana"",""sold by"":""Whole Foods Market (seller profile)"",""condition"":""New"",""item price"":""($0.99/lb)"",""supplied by"":""Other""},{""item name"":""Lime Regular Conventional, 1 Each"",""quantity of item"":""1"",""item price"":null,""supplied by"":""Other"",""sold by"":""Whole Foods Market (seller profile)"",""condition"":""New""},{""quantity of item"":""2"",""sold by"":""Whole Foods Market (seller profile)"",""supplied by"":""Other"",""item name"":""365 by Whole Foods Market, Broth Chicken Low Sodium Organic, 48 Fl Oz"",""condition"":""New"",""item price"":null},{""item price"":null,""item name"":""365 by Whole Foods Market, Garlic Peeled 6Oz Organic, 6 Ounce"",""condition"":""New"",""quantity of item"":""1"",""supplied by"":""Other"",""sold by"":""Whole Foods Market (seller profile)""},{""item price"":null,""item name"":""Chobani\u00ae     Non-Fat    Greek   Yogurt  Strawberry     on the  Bottom   5.3oz"",""quantity of item"":""2"",""supplied by"":""Other"",""sold by"":""Whole Foods Market (seller profile)"",""condition"":""New""}]",112-2285846-0481824,"February 5,2023","February 6,2023",$167.21,$150.26,$9.95
4,2023_02_11_amazon-whole foods-113-5873510-5949836.pdf_0,"[{""quantity of item"":""1"",""sold by"":""Whole Foods Market (seller profile)"",""condition"":""New"",""item price"":""$2.79"",""item name"":""365 by Whole Foods Market, Tofu Firm Organic, 14 Ounce"",""supplied by"":""Other""},{""quantity of item"":""1"",""item price"":""$5.99"",""item name"":""Berry Blueberry Organic, 1 Pint"",""supplied by"":""Other"",""condition"":""New"",""sold by"":""Whole Foods Market (seller profile)""},{""item price"":""$4.31"",""condition"":""New"",""sold by"":""Whole Foods Market (seller profile) Supplied by: Other"",""quantity of item"":""2 (1.73 lb)"",""item name"":""Organic Jewel Sweet Potato"",""supplied by"":""Other""},{""supplied by"":""Other"",""quantity of item"":""1"",""item name"":""365 by Whole Foods Market, Apple Sauce Unsweetened Organic, 24 Ounce"",""sold by"":""Whole Foods Market (seller profile) Supplied by: Other"",""condition"":""New"",""item price"":""$3.99""},{""item name"":""Organic Yellow Onion"",""quantity of item"":""1 (0.40 lb)"",""item price"":""$1.00"",""supplied by"":""Other"",""condition"":""New"",""sold by"":""Whole Foods Market (seller profile) Supplied by: Other""},{""quantity of item"":""1 (1.00 lb)"",""sold by"":""Whole Foods Market (seller profile) Supplied by: Other"",""condition"":""New"",""item name"":""Organic Broccoli"",""supplied by"":""Other"",""item price"":""$3.69""},{""sold by"":""Whole Foods Market (seller profile) Supplied by: Other"",""item name"":""Bare Gluten Free Organic Apple Chips, Fuji and Red, 3.3 Ounce"",""quantity of item"":""1"",""supplied by"":""Other"",""condition"":""New"",""item price"":""$6.49""},{""item price"":""$6.69"",""sold by"":""Whole Foods Market (seller profile) Supplied by: Other"",""supplied by"":""Other"",""quantity of item"":""1"",""item name"":""JUDYS Organic Extra Large Eggs, 12 CT"",""condition"":""New""},{""item name"":""SkinnyPop Popcorn, Gluten Free, Dairy Free, Non-GMO, Healthy Snacks, Skinny Pop Original Popcorn Snack Packs, 0.65oz Individual Size Snack Bags (6 Count)"",""supplied by"":""Other"",""sold by"":""Whole Foods Market (seller profile) Supplied by: Other"",""quantity of item"":""1"",""item price"":""$4.05"",""condition"":""New""},{""quantity of item"":""1"",""condition"":""New"",""item name"":""365 by Whole Foods Market, Cheddar Mild Stick, 6 Ounce"",""supplied by"":""Other"",""item price"":""$5.79"",""sold by"":""Whole Foods Market (seller profile)""},{""condition"":""New"",""supplied by"":""Other"",""item name"":""Organic Gold Potato"",""sold by"":""Whole Foods Market (seller profile)"",""item price"":""$3.92"",""quantity of item"":""6 (1.79 lb)""},{""sold by"":""Whole Foods Market (seller profile)"",""quantity of item"":""1"",""item name"":""Whole Foods Market, Mini Quiche Trio, 15 ct, (Frozen)"",""condition"":""New"",""supplied by"":""Other"",""item price"":""$7.79""},{""supplied by"":""Other"",""quantity of item"":""1"",""sold by"":""Whole Foods Market (seller profile)"",""item name"":""365 by Whole Foods Market, Value Pack Salmon Fillet Atlantic Farm Raised Frozen, 32 Ounce"",""item price"":""$27.99"",""condition"":""New""},{""supplied by"":""Other"",""sold by"":""Whole Foods Market (seller profile)"",""condition"":""New"",""item name"":""Large Organic Hass Avocado"",""item price"":""$2.99"",""quantity of item"":""1""},{""supplied by"":""Other"",""sold by"":""Whole Foods Market (seller profile)"",""item name"":""Clover Sonoma, Organic 2% Reduced Fat Milk, 128 Fl. Oz"",""condition"":""New"",""item price"":""$7.99"",""quantity of item"":""1""},{""sold by"":""Whole Foods Market (seller profile)"",""item name"":""Immaculate Baking Organic Flaky Biscuits, 8 Biscuits"",""item price"":""$6.79"",""supplied by"":""Other"",""condition"":""New"",""quantity of item"":""1""},{""condition"":""New"",""supplied by"":""Other"",""item name"":""PRODUCE Cantaloupe Chunks Medium"",""sold by"":""Whole Foods Market (seller profile)"",""quantity of item"":""0.68 lb"",""item price"":""$3.39""},{""quantity of item"":""1"",""item price"":""$5.99"",""sold by"":""Whole Foods Market (seller profile)"",""item name"":""Organic Red Raspberries, 6 oz"",""condition"":""New"",""supplied by"":""Other""},{""item price"":""$1.49"",""quantity of item"":""6 (1.50 lb)"",""condition"":""New"",""item name"":""Organic Banana"",""sold by"":""Whole Foods Market (seller profile)"",""supplied by"":""Other""},{""item price"":""$5.49"",""item name"":""Organic Blackberries, 6 oz"",""sold by"":""Whole Foods Market (seller profile) Supplied by: Other"",""condition"":""New"",""supplied by"":""Other"",""quantity of item"":""1""},{""item price"":""$1.99"",""sold by"":""Whole Foods Market (seller profile) Supplied by: Other"",""supplied by"":""Other"",""condition"":""New"",""item name"":""365 by Whole Foods Market, Beans Black No Salt Added, 15 Ounce"",""quantity of item"":""1""},{""item price"":""$5.79"",""sold by"":""Whole Foods Market (seller profile)"",""supplied by"":""Other"",""quantity of item"":""1"",""condition"":""New"",""item name"":""365 by Whole Foods Market, Cheddar Mild Stick, 6 Ounce""},{""item price"":""$3.99"",""quantity of item"":""1"",""condition"":""New"",""supplied by"":""Other"",""sold by"":""Whole Foods Market (seller profile)"",""item name"":""365 by Whole Foods Market, Crackers Sandwich Peanut Butter Mini Organic, 7.5 Ounce""},{""quantity of item"":""1 of"",""sold by"":""Whole Foods Market (seller profile)"",""supplied by"":""Other"",""item price"":""$3.99"",""condition"":""New"",""item name"":""365 by Whole Foods Market, Crackers Sandwich Peanut Butter Mini Organic, 7.5 Ounce""},{""item name"":""Campos Borquez, Asparagus Green Organic, 16 Ounce"",""item price"":""($5.99/lb)"",""condition"":""New"",""quantity of item"":""1 (1.00 lb) of"",""supplied by"":""Other"",""sold by"":""Whole Foods Market (seller profile)""},{""sold by"":""Whole Foods Market (seller profile)"",""item name"":""365 by Whole Foods Market, Organic Cannellini Beans, 15.5 Oz"",""quantity of item"":""1 of"",""item price"":""$1.79"",""condition"":""New"",""supplied by"":""Other""},{""item price"":""$4.29"",""condition"":""New"",""sold by"":""Whole Foods Market (seller profile)"",""supplied by"":""Other"",""quantity of item"":""1 of"",""item name"":""365 by Whole Foods Market, Blend Mexican Shred, 8 Ounce""},{""sold by"":""Whole Foods Market (seller profile)"",""quantity of item"":""1 of"",""condition"":""New"",""item price"":""$0.99"",""supplied by"":""Other"",""item name"":""365 by Whole Foods Market, Sauce Tomato Organic, 8 Ounce""},{""quantity of item"":""1 of"",""item price"":""$1.99"",""supplied by"":""Other"",""condition"":""New"",""item name"":""365 by Whole Foods Market, Beans Kidney Dark Red No Salt, 15.5 Ounce"",""sold by"":""Whole Foods Market (seller profile)""},{""sold by"":""Whole Foods Market (seller profile)"",""condition"":""New"",""quantity of item"":""1 of"",""item price"":""$7.99"",""supplied by"":""Other"",""item name"":""Organic Strawberries, 1 lb""},{""condition"":""New"",""sold by"":""Whole Foods Market (seller profile)"",""supplied by"":""Other"",""quantity of item"":""1 of"",""item name"":""365 by Whole Foods Market, Pretzel Nugget Peanut Butter, 18 Ounce"",""item price"":""$5.49""},{""supplied by"":""Other"",""item price"":""$6.99"",""sold by"":""Whole Foods Market (seller profile)"",""quantity of item"":""1 of"",""item name"":""365 by Whole Foods Market, Pork Bacon Center Cut Smokehouse Uncured, 12 Ounce"",""condition"":""New""},{""item name"":""365 by Whole Foods Market, Oven-Roasted Turkey Breast Deli Slices, Value Pack, 98% Lean, 14 Ounce"",""sold by"":""Whole Foods Market (seller profile)"",""condition"":""New"",""supplied by"":""Other"",""item price"":""$9.49"",""quantity of item"":""1 of""},{""item name"":""Organic Salad Clam Butter Plus, 4 Ounce"",""quantity of item"":""1 of"",""sold by"":""Whole Foods Market (seller profile)"",""item price"":""$4.39"",""supplied by"":""Other"",""condition"":""New""},{""item name"":""Diestel, Fresh 99%/1% Organic Ground Turkey Breast, 1 lb"",""condition"":""New"",""supplied by"":""Other"",""quantity of item"":""2 of"",""item price"":""$9.99"",""sold by"":""Whole Foods Market (seller profile)""},{""item name"":""365 by Whole Foods Market, Stringless Snap Peas,8 Ounce"",""condition"":""New"",""supplied by"":""Other"",""sold by"":""Whole Foods Market (seller profile)"",""quantity of item"":""1 of"",""item price"":""$3.99""},{""condition"":""New"",""supplied by"":""Other"",""item price"":""$6.79"",""quantity of item"":""1 of"",""sold by"":""Whole Foods Market (seller profile)"",""item name"":""San Marzano, Crushed Tomatoes,28 oz""},{""sold by"":""Whole Foods Market (seller profile)"",""item name"":""Organic Red Bell Pepper"",""supplied by"":""Other"",""quantity of item"":""1 (0.63 lb) of"",""condition"":""New"",""item price"":""($3.99/lb)""},{""item price"":""$2.99"",""quantity of item"":""1 of"",""supplied by"":""Other"",""condition"":""New"",""sold by"":""Whole Foods Market (seller profile)"",""item name"":""Organic Carrots,1 Bunch""}]",113-5873510-5949836,"February 11,2023","February 11,2023",$258.19,$238.24,$9.95
5,2023_02_20_amazon-fresh-112-2098553-6249032.pdf_0,"[{""sold by"":""Prime Now LLC (seller profile)"",""condition"":""New"",""item price"":""$5.99"",""item name"":""San Luis Sourdough Bread, 8 Oz"",""supplied by"":""Other"",""quantity of item"":""1""},{""supplied by"":""Other"",""item name"":""Earthbound Farm Organic Classic Caesar Salad Kit"",""condition"":""New"",""item price"":""$4.59"",""sold by"":""Prime Now LLC (seller profile)"",""quantity of item"":""1""},{""condition"":""New"",""supplied by"":""Other"",""item name"":""Kodiak Cakes Power Cakes All Natural Non GMO Protein Pancake/Flapjack/Waffle Mix, Buttermilk, 20 Ounce"",""item price"":""$6.69"",""sold by"":""Prime Now LLC (seller profile)"",""quantity of item"":""1""},{""sold by"":""Prime Now LLC (seller profile)"",""condition"":""New"",""quantity of item"":""1"",""item price"":""$5.49"",""supplied by"":""Other"",""item name"":""Thomas' Plain Soft & Chewy Pre-Sliced Bagels, 6 count, 3.35 Oz""},{""item name"":""Crofter's Organic Premium Spread, Strawberry, 16.5 Ounce Jar"",""sold by"":""Prime Now LLC (seller profile)"",""supplied by"":""Other"",""item price"":""$5.99"",""quantity of item"":""1"",""condition"":""New""},{""condition"":""New"",""supplied by"":""Other"",""item name"":""Mini Babybel Light Snack Cheese, Cheddar, 9 Ounce"",""sold by"":""Prime Now LLC (seller profile)"",""item price"":""$8.29"",""quantity of item"":""1""},{""item price"":""$3.99"",""supplied by"":""Other"",""condition"":""New"",""item name"":""LaCroix, Sparkling Water Grapefruit, 12 oz (pack of 8)"",""quantity of item"":""1"",""sold by"":""Prime Now LLC (seller profile)""},{""item name"":""Multi Grain Cheerios Heart Healthy Cereal, Gluten Free Multigrain Cereal with Whole Grain Oats, Family Size, 18 oz"",""condition"":""New"",""supplied by"":""Other"",""quantity of item"":""1"",""item price"":""$6.49"",""sold by"":""Prime Now LLC (seller profile)""},{""condition"":""New"",""item name"":""Honey Bunches of Oats Honey Roasted, Heart Healthy, Low Fat, made with Whole Grain Cereal, 12 Ounce"",""sold by"":""Prime Now LLC (seller profile)"",""item price"":""$5.49"",""quantity of item"":""1"",""supplied by"":""Other""},{""item name"":""Oroweat Whole Grains 100% Whole Wheat Bread, Baked with Simple Ingredients & Whole Wheat, 8 oz"",""item price"":""$5.79"",""quantity of item"":""1"",""sold by"":""Prime Now LLC (seller profile)"",""condition"":""New"",""supplied by"":""Other""},{""quantity of item"":""1"",""condition"":""New"",""item name"":""Philadelphia Original Whipped Cream Cheese Spread,8 oz. Tub"",""supplied by"":""Other"",""item price"":""$4.99"",""sold by"":""Prime Now LLC (seller profile)""},{""quantity of item"":""1"",""item name"":""Aidells Smoked Chicken Sausage Breakfast Links, Chicken & Apple,8 oz. (10 Fully Cooked Links)"",""sold by"":""Prime Now LLC (seller profile)"",""condition"":""New"",""supplied by"":""Other"",""item price"":""$6.99""}]",112-2098553-6249032,"February 20,2023","February 20,2023",$73.86,$70.78,$0.00
6,2023_02_28_amazon-whole foods-113-1110828-1792241.pdf_0,"[{""item price"":""$24.99"",""quantity of item"":""1"",""supplied by"":""Other"",""sold by"":""Whole Foods Market (seller profile)"",""item name"":""Floral Roses 12 Long Stem, 1 EA"",""condition"":""New""},{""item price"":""$6.99"",""condition"":""New"",""supplied by"":""Other"",""item name"":""Abe's, Mini Vegan Blueberry Muffins, 12 Count"",""quantity of item"":""2"",""sold by"":""Whole Foods Market (seller profile)""},{""item name"":""Floral Iris 10 Stem, 1 EA"",""supplied by"":""Other"",""sold by"":""Whole Foods Market (seller profile)"",""condition"":""New"",""item price"":""$7.99"",""quantity of item"":""1""},{""supplied by"":""Other"",""item name"":""B Fresh Gerbera Daisy 7 Stem, 1 EA"",""sold by"":""Whole Foods Market (seller profile)"",""quantity of item"":""1"",""condition"":""New"",""item price"":""$6.99""},{""item name"":""Honest Kids Berry Good Lemonade, 6 Fl oz (Pack Of 8)"",""quantity of item"":""1"",""sold by"":""Whole Foods Market (seller profile)"",""item price"":""$4.99"",""condition"":""New"",""supplied by"":""Other""},{""item name"":""Honest Kids Organic Berry Good Lemonade, 6.76 Fl Oz (Pack of 8)"",""sold by"":""Whole Foods Market (seller profile)"",""supplied by"":""Other"",""quantity of item"":""3"",""condition"":""New"",""item price"":""$4.79""}]",113-1110828-1792241,"February 28,2023","February 28,2023",$92.17,$73.31,$9.95
7,2023_03_05_amazon-fresh-112-2029619-4816243.pdf_0,"[{""quantity of item"":""1"",""sold by"":""Prime Now LLC (seller profile)"",""item price"":""$3.99"",""supplied by"":""Other"",""item name"":""LaCroix, Sparkling Water Grapefruit, 12 oz (pack of 8)"",""condition"":""New""},{""item price"":""$14.29"",""item name"":""Tillamook Medium Cheddar Cheese Block, 2lb"",""condition"":""New"",""quantity of item"":""1"",""sold by"":""Prime Now LLC (seller profile)"",""supplied by"":""Other""},{""item price"":""$4.59"",""quantity of item"":""1"",""condition"":""New"",""supplied by"":""Other"",""sold by"":""Prime Now LLC (seller profile)"",""item name"":""BEN'S ORIGINAL Converted Brand Enriched Long Grain White Rice, Parboiled Rice, 2 lb Box""},{""supplied by"":""Other"",""item price"":""$6.13"",""item name"":""San Luis Sourdough Bread, 8 Oz"",""condition"":""New"",""quantity of item"":""1"",""sold by"":""Prime Now LLC (seller profile)""},{""condition"":""New"",""sold by"":""Prime Now LLC (seller profile)"",""quantity of item"":""1"",""item name"":""Earthbound Farm Organic Classic Caesar Salad Kit"",""item price"":""$4.59"",""supplied by"":""Other""},{""item name"":""Daisy Light Sour Cream, 8 oz"",""supplied by"":""Other"",""quantity of item"":""1"",""sold by"":""Prime Now LLC (seller profile)"",""condition"":""New"",""item price"":""$1.89""},{""item price"":""$4.99"",""condition"":""New"",""quantity of item"":""1"",""item name"":""Thomas' Original English Muffins, Plain, 13 oz, 6 count (Pack of 1)"",""sold by"":""Prime Now LLC (seller profile)"",""supplied by"":""Other""},{""supplied by"":""Other"",""quantity of item"":""1"",""item name"":""COLUMBUS Sliced Genoa Salame, 10 ounce"",""item price"":""$10.99"",""sold by"":""Prime Now LLC (seller profile)"",""condition"":""New""},{""supplied by"":""Other"",""sold by"":""Prime Now LLC (seller profile)"",""item name"":""Rosarita No Fat Traditional Refried Beans, 16 oz"",""quantity of item"":""1"",""item price"":""$2.29"",""condition"":""New""},{""item name"":""Fresh Brand - Cubed Sweet Potato, 18 oz"",""item price"":""$4.92"",""supplied by"":""Other"",""sold by"":""Prime Now LLC (seller profile)"",""condition"":""New"",""quantity of item"":""1""},{""sold by"":""Prime Now LLC (seller profile)"",""supplied by"":""Other"",""quantity of item"":""2"",""condition"":""New"",""item name"":""FAGE   Total  Greek   Yogurt,0%      Nonfat,  Plain,32   oz"",""item price"":""$6.99""}]",112-2029619-4816243,"March  5,2023","March    5,2023",$85.41,$72.65,$6.95
8,2023_03_12_amazon-whole foods-114-2655692-0133049.pdf_0,"[{""supplied by"":""Other"",""sold by"":""Prime Now LLC (seller profile)"",""condition"":""New"",""quantity of item"":""1"",""item price"":""$12.29"",""item name"":""Quilted Northern Ultra Plush\u00ae Toilet Paper, 8 Mega Rolls = 32 Regular Rolls, 3-Ply Bath Tissue""},{""item name"":""Organic Blueberry, 12 Ounce"",""supplied by"":""Other"",""item price"":""$5.99"",""quantity of item"":""1"",""condition"":""New"",""sold by"":""Prime Now LLC (seller profile)""},{""item price"":""$8.99"",""sold by"":""Prime Now LLC (seller profile)"",""supplied by"":""Other"",""condition"":""New"",""item name"":""Rao's Homemade Marinara Sauce, 24 oz, All Purpose Tomato Sauce, Pasta Sauce, Carb Conscious, Keto Friendly, All Natural, Premium Quality, With Italian Tomatoes & Olive Oil"",""quantity of item"":""1""},{""item name"":""Challenge Dairy, Salted Butter Quarters, 16 oz"",""sold by"":""Prime Now LLC (seller profile)"",""condition"":""New"",""quantity of item"":""1"",""item price"":""$6.49"",""supplied by"":""Other""},{""condition"":""New"",""quantity of item"":""1"",""sold by"":""Prime Now LLC (seller profile)"",""item name"":""Organic Red Raspberries, 6 oz"",""supplied by"":""Other"",""item price"":""$5.39""},{""supplied by"":""Other"",""condition"":""New"",""item price"":""$5.49"",""sold by"":""Prime Now LLC (seller profile)"",""quantity of item"":""1"",""item name"":""Thomas' Plain Soft & Chewy Pre-Sliced Bagels, 6 count, 3.35 Oz""},{""sold by"":""Prime Now LLC (seller profile)"",""quantity of item"":""1"",""item name"":""organicgirl Organic True Hearts Butter Plus, 4 oz"",""supplied by"":""Other"",""item price"":""$4.39"",""condition"":""New""},{""item name"":""San Luis Sourdough Bread, 8 Oz"",""quantity of item"":""1"",""condition"":""New"",""supplied by"":""Other"",""item price"":""$5.99"",""sold by"":""Prime Now LLC (seller profile)""},{""item name"":""De Cecco Pasta, Spaghetti, 16 oz"",""supplied by"":""Other"",""quantity of item"":""1"",""sold by"":""Prime Now LLC (seller profile)"",""condition"":""New"",""item price"":""$3.59""},{""item price"":""$4.99"",""supplied by"":""Other"",""item name"":""Organic Blackberries, 6 oz"",""sold by"":""Prime Now LLC (seller profile)"",""quantity of item"":""1"",""condition"":""New""},{""item name"":""Mission Thin & Crispy Tortilla Chips, Restaurant Style Corn Tortilla Chips, 9 oz., Gluten Free"",""supplied by"":""Other"",""item price"":""$3.69"",""sold by"":""Prime Now LLC (seller profile)"",""quantity of item"":""1"",""condition"":""New""},{""supplied by"":""Other"",""sold by"":""Prime Now LLC (seller profile)"",""quantity of item"":""1"",""item price"":""$2.29"",""item name"":""Organic Red Bell Pepper"",""condition"":""New""},{""sold by"":""Prime Now LLC (seller profile)"",""quantity of item"":""1"",""condition"":""New"",""item price"":""$4.59"",""item name"":""Earthbound Farm Organic Classic Caesar Salad Kit"",""supplied by"":""Other""},{""item name"":""FAGE Total Greek Yogurt, 0% Nonfat, Plain, 32 oz"",""sold by"":""Prime Now LLC (seller profile)"",""condition"":""New"",""quantity of item"":""1"",""supplied by"":""Other"",""item price"":""$6.99""},{""item price"":""$5.49"",""sold by"":""Prime Now LLC (seller profile)"",""supplied by"":""Other"",""condition"":""New"",""quantity of item"":""1"",""item name"":""365 by Whole Foods Market, Pretzel Nugget Peanut Butter, 18 Ounce""},{""sold by"":""Prime Now LLC (seller profile)"",""item name"":""Daisy, Sour Cream, Light, 16 oz"",""quantity of item"":""1"",""supplied by"":""Other"",""condition"":""New"",""item price"":""$2.79""},{""quantity of item"":""1"",""supplied by"":""Other"",""item name"":""Mission Carb Balance Soft Taco Flour Tortillas, 8 Count, Low Carb, Keto, High Fiber, No Sugar"",""item price"":""$5.39"",""sold by"":""Prime Now LLC (seller profile)"",""condition"":""New""},{""sold by"":""Prime Now LLC (seller profile)"",""item price"":null,""supplied by"":""Other"",""quantity of item"":""1"",""condition"":""New"",""item name"":""Yasso\u00ae Frozen Greek Yogurt Bars, Fudge Brownie, 3.5 Ounce Bars, 4 Count""},{""supplied by"":""Other"",""condition"":""New"",""sold by"":""Prime Now LLC (seller profile)"",""item price"":""$6.49"",""quantity of item"":""1"",""item name"":""Mission Burrito Flour Tortillas, Large Size, 16 Count, Trans Fat Free""},{""condition"":""New"",""quantity of item"":""1"",""item name"":""Ziploc Sandwich and Snack Bags for On the Go Freshness, Grip 'n Seal Technology for Easier Grip, Open, and Close, 280 Count"",""sold by"":""Prime Now LLC (seller profile)"",""supplied by"":""Other"",""item price"":""$12.49""},{""supplied by"":""Other"",""condition"":""New"",""quantity of item"":""1"",""item name"":""Oroweat Whole Grains 100% Whole Wheat Bread, Baked with Simple Ingredients & Whole Wheat, 8 oz"",""item price"":""$5.79"",""sold by"":""Prime Now LLC (seller profile)""},{""quantity of item"":""1"",""condition"":""New"",""sold by"":""Prime Now LLC (seller profile)"",""item price"":""$4.69"",""item name"":""Sargento    Shredded    Off The   Block  Reduced    Fat 4  Cheese   Mexican,7     oz. Package"",""supplied by"":""Other""},{""sold by"":""Prime Now LLC (seller profile)"",""supplied by"":""Other"",""item price"":""$3.99"",""condition"":""New"",""quantity of item"":""1"",""item name"":""LaCroix,   Sparkling   Water   Grapefruit,12     oz (pack  of  8)""},{""item price"":""$1.69"",""sold by"":""Prime Now LLC (seller profile)"",""supplied by"":""Other"",""condition"":""New"",""item name"":""StarKist  Chunk    Light  Tuna  in Water,5     oz Can"",""quantity of item"":""2""},{""item name"":""Aidells  Smoked    Chicken   Sausage    Breakfast    Links, Chicken   &  Apple,8    oz. (10  Fully  Cooked   Links)"",""condition"":""New"",""item price"":""$6.99"",""quantity of item"":""1"",""supplied by"":""Other"",""sold by"":""Prime Now LLC (seller profile)""},{""item price"":""$1.69"",""sold by"":""Prime Now LLC (seller profile)"",""condition"":""New"",""item name"":""StarKist  Chunk    Light  Tuna  in Water,5     oz Can"",""supplied by"":""Other"",""quantity of item"":""2""},{""sold by"":""Prime Now LLC (seller profile)"",""condition"":""New"",""item price"":""$6.99"",""supplied by"":""Other"",""item name"":""Aidells  Smoked    Chicken   Sausage    Breakfast    Links, Chicken   &  Apple,8    oz. (10  Fully  Cooked   Links)"",""quantity of item"":""1""},{""sold by"":""Prime Now LLC (seller profile)"",""item price"":""$2.59"",""supplied by"":""Other"",""quantity of item"":""2"",""item name"":""Large   Organic   Hass  Avocado"",""condition"":""New""},{""supplied by"":""Other"",""sold by"":""Prime Now LLC (seller profile)"",""item name"":""Rosarita   No  Fat  Traditional  Refried  Beans,16     oz"",""quantity of item"":""1"",""condition"":""New"",""item price"":""$2.29""}]",114-2655692-0133049,"March  12,2023","March    12,2023",$167.52,$154.60,$0.00
9,2023_03_12_amazon-whole foods-114-9596757-8259459.pdf_0,"[{""item price"":""$15.79"",""sold by"":""Whole Foods Market (seller profile)"",""condition"":""New"",""item name"":""Verve Coffee Roasters Whole Bean Coffee Buena Vista Blend | Dark Roast, Arabica, Direct Trade, Resealable Pouch | Enjoy Hot or Cold Brew | Ideal for French Press | 12oz Bag"",""supplied by"":""Other"",""quantity of item"":""1""},{""item price"":""$2.22"",""sold by"":""Whole Foods Market (seller profile)"",""item name"":""Organic Banana"",""supplied by"":""Other"",""quantity of item"":""6 (2.24 lb)"",""condition"":""New""},{""supplied by"":""Other"",""sold by"":""Whole Foods Market (seller profile)"",""condition"":""New"",""item price"":""$2.99"",""item name"":""Organic Carrots, 1 Bunch"",""quantity of item"":""1""},{""quantity of item"":""3.46 lb"",""sold by"":""Whole Foods Market (seller profile)"",""item price"":""$20.73"",""item name"":""Mary's Chicken Organic Bone In Chicken Thighs"",""supplied by"":""Other"",""condition"":""New""},{""supplied by"":""Other"",""item name"":""PRODUCE Organic Mini Cucumbers, 1 EA"",""sold by"":""Whole Foods Market (seller profile)"",""condition"":""New"",""quantity of item"":""1"",""item price"":""$4.99""},{""sold by"":""Whole Foods Market (seller profile)"",""supplied by"":""Other"",""item name"":""Artichoke Organic, 1 Each"",""item price"":""$3.99"",""quantity of item"":""4"",""condition"":""New""},{""condition"":""New"",""item name"":""DIESTEL TURKEY RANCH Honey Roasted Turkey Breast"",""sold by"":""Whole Foods Market (seller profile)"",""quantity of item"":""0.98 lb"",""supplied by"":""Other"",""item price"":""$12.73""},{""item name"":""365 by Whole Foods Market, Organic Baby Bella Sliced Mushrooms, 8 Ounce"",""sold by"":""Whole Foods Market (seller profile)"",""item price"":""$3.99"",""quantity of item"":""1"",""condition"":""New"",""supplied by"":""Other""},{""item price"":""$4.24"",""quantity of item"":""1 (1.15 lb)"",""supplied by"":""Other"",""condition"":""New"",""item name"":""Organic Broccoli"",""sold by"":""Whole Foods Market (seller profile)""},{""condition"":""New"",""quantity of item"":""2 (1.13 lb)"",""sold by"":""Whole Foods Market (seller profile)"",""item price"":""$2.81"",""supplied by"":""Other"",""item name"":""Organic Yellow Onion""},{""sold by"":""Whole Foods Market (seller profile)"",""supplied by"":""Other"",""item name"":""Pork Loin Chop Bone-In Organic Step 1"",""quantity of item"":""2.17 Ib"",""condition"":""New"",""item price"":""$21.68""},{""item name"":""365 by Whole Foods Market, Organic Baby Carrots, 2 lb"",""supplied by"":""Other"",""sold by"":""Whole Foods Market (seller profile)"",""quantity of item"":""1"",""condition"":""New"",""item price"":""$3.49""},{""quantity of item"":""1"",""item price"":""$27.99"",""item name"":""365 by Whole Foods Market, Value Pack Salmon Fillet Atlantic Farm Raised Frozen, 32 Ounce"",""condition"":""New"",""supplied by"":""Other"",""sold by"":""Whole Foods Market (seller profile)""},{""supplied by"":""Other"",""quantity of item"":""1"",""item price"":""$4.79"",""sold by"":""Whole Foods Market (seller profile)"",""item name"":""Madegood Healthy Granola Bars, Chocolate Chip, Gluten-Free Vegan, 6 Bars"",""condition"":""New""},{""supplied by"":""Other"",""quantity of item"":""3 (1.52 lb)"",""item name"":""Organic Jewel Sweet Potato"",""item price"":""$3.78"",""sold by"":""Whole Foods Market (seller profile)"",""condition"":""New""},{""quantity of item"":""1 (1.05 lb)"",""sold by"":""Whole Foods Market (seller profile)"",""supplied by"":""Other"",""item price"":""$6.29"",""item name"":""Campos Borquez, Asparagus Green Organic, 16 Ounce"",""condition"":""New""},{""condition"":""New"",""item price"":""$2.99"",""item name"":""365 by Whole Foods Market, Noodle Egg Wide Organic, 16 Ounce"",""sold by"":""Whole Foods Market (seller profile)"",""supplied by"":""Other"",""quantity of item"":""1""},{""item price"":""$6.02"",""quantity of item"":""1"",""condition"":""New"",""supplied by"":""Other"",""item name"":""FAGE Total Greek Yogurt, 0% Nonfat, Plain, 32 oz"",""sold by"":""Whole Foods Market (seller profile)""},{""supplied by"":""Other"",""condition"":""New"",""quantity of item"":""1"",""sold by"":""Whole Foods Market (seller profile)"",""item price"":""$5.99"",""item name"":""Organic Strawberries, 1 lb""},{""item price"":""$5.49"",""condition"":""New"",""item name"":""Organic Red Creamer Potatoes, 24 Ounce"",""sold by"":""Whole Foods Market (seller profile)"",""quantity of item"":""1"",""supplied by"":""Other""},{""sold by"":""Whole Foods Market (seller profile)"",""item price"":""$5.79"",""supplied by"":""Other"",""condition"":""New"",""item name"":""365 by Whole Foods Market, Cheddar Mild Stick, 6 Ounce"",""quantity of item"":""1""},{""sold by"":""Whole Foods Market (seller profile)"",""supplied by"":""Other"",""item price"":""$3.88"",""quantity of item"":""1 (1.95 lb)"",""condition"":""New"",""item name"":""Organic Green Cabbage""},{""sold by"":""Whole Foods Market (seller profile)"",""quantity of item"":""1"",""item name"":""Diestel, Fresh 99%/1% Organic Ground Turkey Breast,1 lb"",""item price"":""$9.99"",""condition"":""New"",""supplied by"":""Other""},{""quantity of item"":""1 lb"",""item price"":""$9.99"",""item name"":""Diestel, Fresh 99%/1% Organic Ground Turkey Breast"",""condition"":""New"",""supplied by"":""Other"",""sold by"":""Whole Foods Market (seller profile)""}]",114-9596757-8259459,"March 12,2023","March 12,2023",$214.57,$194.62,$9.95
10,2023_03_19_amazon-fresh-114-4071259-2599401.pdf_0,"[{""quantity of item"":""1"",""sold by"":""Prime Now LLC (seller profile)"",""condition"":""New"",""item name"":""Multi Grain Cheerios Gluten Free Cereal, 20.6 oz Giant Size Cereal Box"",""item price"":""$7.99"",""supplied by"":""Other""},{""condition"":""New"",""item price"":""$4.29"",""quantity of item"":""1"",""item name"":""LaCroix, Sparkling Water Grapefruit, 12 oz (pack of 8)"",""supplied by"":""Other"",""sold by"":""Prime Now LLC (seller profile)""},{""supplied by"":""Other"",""quantity of item"":""1"",""condition"":""New"",""sold by"":""Prime Now LLC (seller profile)"",""item price"":""$4.99"",""item name"":""Best Foods Mayonnaise, Light, 15 Ounce""},{""sold by"":""Prime Now LLC (seller profile)"",""item price"":""$2.79"",""quantity of item"":""1"",""condition"":""New"",""supplied by"":""Other"",""item name"":""French's Classic Yellow Mustard, 14 oz""},{""condition"":""New"",""quantity of item"":""1"",""item price"":""$4.39"",""sold by"":""Prime Now LLC (seller profile)"",""item name"":""Taylor Farms Ultimate Caesar Salad Kit"",""supplied by"":""Other""},{""sold by"":""Prime Now LLC (seller profile)"",""item price"":""$4.99"",""quantity of item"":""1"",""condition"":""New"",""supplied by"":""Other"",""item name"":""McCormick Gourmet Organic Chili Powder, 1.75 oz""},{""sold by"":""Prime Now LLC (seller profile)"",""item price"":""$4.99"",""condition"":""New"",""supplied by"":""Other"",""quantity of item"":""1"",""item name"":""McCormick Garlic Powder, 3.12 oz, McCormick""},{""item name"":""Thomas' Plain Soft & Chewy Pre-Sliced Bagels, 6 count, 3.35 Oz"",""quantity of item"":""1"",""sold by"":""Prime Now LLC (seller profile)"",""supplied by"":""Other"",""condition"":""New"",""item price"":""$5.49""},{""item price"":""$5.79"",""supplied by"":""Other"",""condition"":""New"",""sold by"":""Prime Now LLC (seller profile)"",""item name"":""Lawry's Coarse Ground with Parsley Garlic Salt, 11 oz"",""quantity of item"":""1""},{""item price"":""$8.99"",""supplied by"":""Other"",""item name"":""Rao's  Homemade       Marinara   Sauce,24     oz, All Purpose   Tomato    Sauce,   Pasta  Sauce,   Carb   Conscious,   Keto  Friendly,   All           $8.99\n Natural,  Premium    Quality,   With  Italian Tomatoes     & Olive  Oil"",""quantity of item"":""1"",""condition"":""New"",""sold by"":""Prime Now LLC (seller profile)""},{""supplied by"":""Other"",""item price"":""$5.79"",""sold by"":""Prime Now LLC (seller profile)"",""condition"":""New"",""quantity of item"":""1"",""item name"":""Oroweat Whole Grains 100% Whole Wheat Bread, Baked with Simple Ingredients & Whole Wheat, 8 oz""},{""condition"":""New"",""item name"":""Crofter's Organic Premium Spread, Strawberry, 16.5 Ounce Jar"",""supplied by"":""Other"",""quantity of item"":""1"",""item price"":""$5.99"",""sold by"":""Prime Now LLC (seller profile)""},{""item name"":""Shallots, 3 ct"",""quantity of item"":""1"",""supplied by"":""Other"",""sold by"":""Prime Now LLC (seller profile)"",""item price"":""$1.99"",""condition"":""New""},{""condition"":""New"",""supplied by"":""Other"",""item name"":""San Luis Sourdough Bread, 8 Oz"",""quantity of item"":""1"",""item price"":""$5.99"",""sold by"":""Prime Now LLC (seller profile)""},{""item price"":""$4.99"",""sold by"":""Prime Now LLC (seller profile)"",""quantity of item"":""1"",""item name"":""Grey Poupon Dijon Mustard (10 oz Squeeze Bottle)"",""supplied by"":""Other"",""condition"":""New""}]",114-4071259-2599401,"March 19,2023","March 19,2023",$122.26,$111.50,$3.95
11,2023_04_02_amazon-fresh-114-7449479-6918653.pdf_0,"[{""condition"":""New"",""item name"":""Oroweat Whole Grains 100% Whole Wheat Bread, Baked with Simple Ingredients & Whole Wheat, 8 oz"",""supplied by"":""Other"",""quantity of item"":""1"",""sold by"":""Prime Now LLC (seller profile)"",""item price"":""$5.79""},{""supplied by"":""Other"",""item price"":""$2.19"",""quantity of item"":""1"",""sold by"":""Prime Now LLC (seller profile)"",""condition"":""New"",""item name"":""Daisy, Sour Cream, Light, 16 oz""},{""supplied by"":""Other"",""condition"":""New"",""sold by"":""Prime Now LLC (seller profile)"",""item name"":""Earthbound Farm Organic Classic Caesar Salad Kit"",""quantity of item"":""1"",""item price"":""$4.69""},{""item price"":""$5.99"",""item name"":""San Luis Sourdough Bread, 8 Oz"",""quantity of item"":""1"",""condition"":""New"",""supplied by"":""Other"",""sold by"":""Prime Now LLC (seller profile)""},{""supplied by"":""Other"",""quantity of item"":""1"",""item name"":""Old El Paso Mild Enchilada Sauce, 10 oz"",""condition"":""New"",""sold by"":""Prime Now LLC (seller profile)"",""item price"":""$2.49""},{""sold by"":""Prime Now LLC (seller profile)"",""quantity of item"":""1"",""supplied by"":""Other"",""item price"":""$4.29"",""condition"":""New"",""item name"":""LaCroix, Sparkling Water Grapefruit, 12 oz (pack of 8)""},{""item price"":""$5.97"",""quantity of item"":""1"",""item name"":""Yasso\u00ae Frozen Greek Yogurt Bars, Fudge Brownie, 3.5 Ounce Bars, 4 Count"",""supplied by"":""Other"",""sold by"":""Prime Now LLC (seller profile)"",""condition"":""New""},{""item name"":""Sweet Baby Rays Barbecue Sauce, Original, 28 oz"",""supplied by"":""Other"",""condition"":""New"",""quantity of item"":""1"",""item price"":""$4.29"",""sold by"":""Prime Now LLC (seller profile)""}]",114-7449479-6918653,"April 1,2023","April 2,2023",$50.93,$35.70,$9.95
12,2023_04_02_amazon-whole foods-114-2363746-1455430.pdf_0,"[{""supplied by"":""Other"",""condition"":""New"",""item name"":""organicgirl Organic Supergreens, 5 oz"",""sold by"":""Whole Foods Market (seller profile)"",""item price"":""$4.39"",""quantity of item"":""1""},{""sold by"":""Whole Foods Market (seller profile)"",""quantity of item"":""1"",""item price"":""$7.99"",""condition"":""New"",""item name"":""Blueberries Clamshell, 18 oz"",""supplied by"":""Other""},{""quantity of item"":""1 (0.70 lb)"",""supplied by"":""Other"",""item name"":""Organic Red Bell Pepper"",""sold by"":""Whole Foods Market (seller profile)"",""condition"":""New"",""item price"":""($3.99/lb)""},{""supplied by"":""Other"",""item name"":""Rao's Homemade Marinara Sauce, 24 oz, All Purpose Tomato Sauce, Pasta Sauce, Carb Conscious, Keto Friendly, All Natural, Premium Quality, With Italian Tomatoes & Olive Oil"",""quantity of item"":""1"",""item price"":""$9.39"",""sold by"":""Whole Foods Market (seller profile)"",""condition"":""New""},{""item name"":""Organic Red Raspberries, 6 oz"",""supplied by"":""Other"",""quantity of item"":""1"",""sold by"":""Whole Foods Market (seller profile)"",""condition"":""New"",""item price"":""$5.29""},{""condition"":""New"",""sold by"":""Whole Foods Market (seller profile)"",""quantity of item"":""1"",""supplied by"":""Other"",""item name"":""FAGE Total Greek Yogurt, 0% Nonfat, Plain, 32 oz"",""item price"":""$7.49""},{""supplied by"":""Other"",""item name"":""Organic Strawberries, 1 lb"",""quantity of item"":""1"",""condition"":""New"",""sold by"":""Whole Foods Market (seller profile)"",""item price"":""$5.99""},{""quantity of item"":""1"",""condition"":""New"",""sold by"":""Whole Foods Market (seller profile)"",""item name"":""Hatch Mild Diced Green Chilies, 4 oz"",""supplied by"":""Other"",""item price"":""$2.49""},{""item name"":""JUDYS Organic Extra Large Eggs, 12 CT"",""quantity of item"":""1"",""sold by"":""Whole Foods Market (seller profile)"",""item price"":""$6.69"",""supplied by"":""Other"",""condition"":""New""},{""quantity of item"":""1"",""condition"":""New"",""item name"":""PRODUCE Organic Mini Cucumbers, 1 EA"",""sold by"":""Whole Foods Market (seller profile)"",""item price"":""$4.99"",""supplied by"":""Other""},{""condition"":""New"",""sold by"":""Whole Foods Market (seller profile)"",""supplied by"":""Other"",""item price"":""($2.19/lb)"",""item name"":""Organic Red Potato"",""quantity of item"":""6 (2.09 lb)""},{""item name"":""Clover Sonoma, Organic 2% Reduced Fat Milk, 128 Fl. Oz"",""condition"":""New"",""sold by"":""Whole Foods Market (seller profile)"",""quantity of item"":""1"",""supplied by"":""Other"",""item price"":""$6.20""},{""item price"":""$2.79"",""supplied by"":""Other"",""quantity of item"":""1"",""condition"":""New"",""item name"":""365 by Whole Foods Market, Organic Baby Spinach Salad, 5 Ounce"",""sold by"":""Whole Foods Market (seller profile)""},{""sold by"":""Whole Foods Market (seller profile)"",""condition"":""New"",""item name"":""365 by Whole Foods Market, Apple Sauce Unsweetened Organic, 24 Ounce"",""item price"":""$3.99"",""supplied by"":""Other"",""quantity of item"":""1""},{""quantity of item"":""1"",""item name"":""Uncle Eddie's Eggs, White Large Organic, 12 Count"",""item price"":""$4.69"",""supplied by"":""Other"",""condition"":""New"",""sold by"":""Whole Foods Market (seller profile)""},{""supplied by"":""Other"",""item price"":""$2.99"",""sold by"":""Whole Foods Market (seller profile)"",""condition"":""New"",""quantity of item"":""1"",""item name"":""Organic Carrots, 1 Bunch""},{""condition"":""New"",""item name"":""365 by Whole Foods Market, Blend Mexican Shred, 8 Ounce"",""sold by"":""Whole Foods Market (seller profile)"",""item price"":""$4.29"",""supplied by"":""Other"",""quantity of item"":""1""},{""item name"":""365 by Whole Foods Market, Cheddar Mild Stick, 6 Ounce"",""item price"":""$5.79"",""condition"":""New"",""supplied by"":""Other"",""sold by"":""Whole Foods Market (seller profile)"",""quantity of item"":""1""},{""condition"":""New"",""item name"":""Mary's Chicken Organic Bone In Chicken Thighs"",""item price"":""($5.99/lb)"",""quantity of item"":""1.69 lb"",""sold by"":""Whole Foods Market (seller profile)"",""supplied by"":""Other""},{""sold by"":""Whole Foods Market (seller profile)"",""item price"":""$4.29"",""quantity of item"":""1"",""item name"":""365 by Whole Foods Market, Bean Green Microwave Trimmed Organic, 12 Ounce"",""condition"":""New"",""supplied by"":""Other""},{""quantity of item"":""1"",""item price"":""$3.99"",""sold by"":""Whole Foods Market (seller profile)"",""item name"":""365 by Whole Foods Market, Garlic Peeled 6Oz Organic, 6 Ounce"",""condition"":""New"",""supplied by"":""Other""},{""sold by"":""Whole Foods Market (seller profile)"",""item name"":""Organic Banana"",""supplied by"":""Other"",""quantity of item"":""6 (2.83 lb)"",""item price"":""($0.99/lb)"",""condition"":""New""},{""condition"":""New"",""item price"":""($4.99/lb)"",""supplied by"":""Other"",""sold by"":""Whole Foods Market (seller profile)"",""quantity of item"":""1.28 lb"",""item name"":""Mary's Chicken Organic Chicken Drumsticks""},{""condition"":""New"",""quantity of item"":""1"",""item price"":""$8.49"",""item name"":""Primal Kitchen Balsamic Vinaigrette & Marinade Salad Dressing made with Avocado Oil, Whole30 Approved,"",""supplied by"":""Other"",""sold by"":""Whole Foods Market (seller profile)""},{""quantity of item"":""1"",""condition"":""New"",""supplied by"":""Other"",""item price"":""$8.49"",""item name"":""Primal Kitchen Balsamic Vinaigrette & Marinade Salad Dressing made with Avocado Oil, Whole30 Approved,"",""sold by"":""Whole Foods Market (seller profile)""},{""supplied by"":""Other"",""quantity of item"":""2"",""sold by"":""Whole Foods Market (seller profile)"",""item name"":""Diestel, Fresh 99%/1% Organic Ground Turkey Breast, 1 lb"",""condition"":""New"",""item price"":""$9.99""},{""item name"":""Pork Loin Chop Bone-In Organic Step 1"",""item price"":""$23.28"",""sold by"":""Whole Foods Market (seller profile)"",""quantity of item"":""2.33 lb"",""condition"":""New"",""supplied by"":""Other""},{""condition"":""New"",""item price"":""$3.59"",""supplied by"":""Other"",""item name"":""Campos Borquez, Asparagus Green Organic, 16 Ounce"",""sold by"":""Whole Foods Market (seller profile)"",""quantity of item"":""1 (1.00 lb)""},{""quantity of item"":""1"",""sold by"":""Whole Foods Market (seller profile)"",""item price"":""$2.99"",""supplied by"":""Other"",""condition"":""New"",""item name"":""Large Organic Hass Avocado""},{""sold by"":""Whole Foods Market (seller profile)"",""item name"":""PRODUCE Corn 4 Count, 4 CT"",""item price"":""$3.99"",""quantity of item"":""1"",""condition"":""New"",""supplied by"":""Other""},{""item price"":""$4.83"",""supplied by"":""Other"",""condition"":""New"",""sold by"":""Whole Foods Market (seller profile)"",""item name"":""Organic Broccoli"",""quantity of item"":""1 (1.31 lb)""},{""item price"":""$9.99"",""quantity of item"":""1"",""supplied by"":""Other"",""item name"":""Mitica Caramelized Pecans, 4.41 OZ"",""condition"":""New"",""sold by"":""Whole Foods Market (seller profile)""},{""quantity of item"":""1"",""sold by"":""Whole Foods Market (seller profile)"",""supplied by"":""Other"",""item name"":""365 by Whole Foods Market, Beans Black Organic, 15 Ounce"",""item price"":""$1.59"",""condition"":""New""}]",114-2363746-1455430,"April 2,2023","April 2,2023",$219.09,$199.14,$9.95
13,2023_04_09_amazon-fresh-114-1739221-2689055.pdf_0,"[{""item price"":""$4.69"",""sold by"":""Prime Now LLC (seller profile)"",""quantity of item"":""1"",""supplied by"":""Other"",""condition"":""New"",""item name"":""Kellogg's Frosted Mini-Wheats Cold Breakfast Cereal, High-Fiber, Whole Grain, Family Size, Strawberry, 22oz Box (1 Box)""},{""quantity of item"":""1"",""condition"":""New"",""supplied by"":""Other"",""item price"":""$5.69"",""item name"":""Oroweat Whole Grains 100% Whole Wheat Bread, Baked with Simple Ingredients & Whole Wheat, 8 oz"",""sold by"":""Prime Now LLC (seller profile)""},{""supplied by"":""Other"",""condition"":""New"",""item price"":""$4.69"",""quantity of item"":""1"",""sold by"":""Prime Now LLC (seller profile)"",""item name"":""Kellogg's Frosted Mini-Wheats Cold Breakfast Cereal, High-Fiber, Whole Grain, Family Size, Blueberry Muffin, 22oz Box (1 Box)""},{""item name"":""Organic Blueberry, 12 Ounce"",""condition"":""New"",""item price"":""$5.79"",""sold by"":""Prime Now LLC (seller profile)"",""supplied by"":""Other"",""quantity of item"":""1""},{""supplied by"":""Other"",""sold by"":""Prime Now LLC (seller profile)"",""condition"":""New"",""item name"":""GoGo squeeZ Fruit on the Go Variety Pack, Apple Apple, Apple Banana, & Apple Strawberry, - Tasty Kids Applesauce Snacks - Gluten Free Snacks for Kids - Nut & Dairy Free - Vegan Snacks, 3.2 Ounce (Pack of 20)"",""quantity of item"":""1"",""item price"":""$12.99""}]",114-1739221-2689055,"April 8,2023","April 9,2023",$81.77,$69.82,$6.95
14,2023_04_09_amazon-whole foods-114-7671851-9839461.pdf_0,"[{""supplied by"":""Other"",""item price"":""$7.69"",""condition"":""New"",""item name"":""Santa Cruz Organic Light Roasted Crunchy Peanut Butter, 16 Ounce"",""quantity of item"":""1"",""sold by"":""Whole Foods Market (seller profile)""},{""condition"":""New"",""item name"":""Diestel Turkey Ranch, Honey Roasted Turkey Breast"",""sold by"":""Whole Foods Market (seller profile)"",""item price"":""($12.99/lb) $10.39"",""supplied by"":""Other"",""quantity of item"":""0.80 lb""},{""supplied by"":""Other"",""item price"":""$0.99"",""quantity of item"":""2"",""sold by"":""Whole Foods Market (seller profile)"",""condition"":""New"",""item name"":""Chobani Greek Yogurt, 0%, Vanilla, 5.3 oz""},{""condition"":""New"",""supplied by"":""Other"",""item price"":""$0.99"",""item name"":""Chobani\u00ae Less Sugar Low-Fat Greek Yogurt Wild Blueberry 5.3oz"",""quantity of item"":""2"",""sold by"":""Whole Foods Market (seller profile)""},{""condition"":""New"",""item name"":""PRODUCE Organic Mini Cucumbers, 1 EA"",""quantity of item"":""1"",""sold by"":""Whole Foods Market (seller profile)"",""supplied by"":""Other"",""item price"":""$4.99""},{""supplied by"":""Other"",""condition"":""New"",""sold by"":""Whole Foods Market (seller profile)"",""item price"":""$0.99"",""quantity of item"":""2"",""item name"":""Chobani Greek Yogurt, 0%, Black Cherry, 5.3 oz""},{""item price"":""($3.69/lb) $4.61"",""item name"":""Organic Broccoli"",""quantity of item"":""1 (1.25 lb)"",""supplied by"":""Other"",""condition"":""New"",""sold by"":""Whole Foods Market (seller profile)""},{""item name"":""Clover Sonoma, Organic 2% Reduced Fat Milk, 128 Fl. Oz"",""sold by"":""Whole Foods Market (seller profile)"",""quantity of item"":""1"",""item price"":""$8.99"",""supplied by"":""Other"",""condition"":""New""},{""item price"":""$4.79"",""quantity of item"":""1"",""sold by"":""Whole Foods Market (seller profile)"",""item name"":""Madegood Healthy Granola Bars, Chocolate Chip, Gluten-Free Vegan, 6 Bars"",""condition"":""New"",""supplied by"":""Other""}]",114-7671851-9839461,"April 9,2023","April 9,2023",$62.35,$47.40,$9.95
15,2023_04_23_amazon-whole foods-113-3768036-0494634.pdf_0,"[{""sold by"":""Whole Foods Market (seller profile)"",""quantity of item"":""1"",""supplied by"":""Other"",""item price"":""$2.79"",""condition"":""New"",""item name"":""365 by Whole Foods Market, Carrot Petite Peeled Organic, 12 Ounce""},{""item name"":""JUDYS Organic Large Eggs, 12 CT"",""sold by"":""Whole Foods Market (seller profile)"",""item price"":""$6.99"",""supplied by"":""Other"",""quantity of item"":""1"",""condition"":""New""},{""sold by"":""Whole Foods Market (seller profile)"",""quantity of item"":""1"",""condition"":""New"",""item name"":""365 by Whole Foods Market, Apple Sauce Unsweetened Organic, 24 Ounce"",""item price"":""$3.99"",""supplied by"":""Other""},{""item price"":""$4.99"",""item name"":""PRODUCE Organic Mini Cucumbers, 1 EA"",""quantity of item"":""1"",""sold by"":""Whole Foods Market (seller profile)"",""supplied by"":""Other"",""condition"":""New""},{""sold by"":""Whole Foods Market (seller profile)"",""item price"":""$5.29"",""supplied by"":""Other"",""quantity of item"":""1"",""item name"":""365 by Whole Foods Market, Granola French Vanilla Almond Organic, 17 Ounce"",""condition"":""New""},{""condition"":""New"",""quantity of item"":""2 (2.06 lb)"",""supplied by"":""Other"",""item name"":""Organic Broccoli"",""item price"":""$7.60"",""sold by"":""Whole Foods Market (seller profile)""},{""sold by"":""Whole Foods Market (seller profile)"",""item name"":""Cedar's Cucumber Garlic Tzatziki, 12 Oz"",""condition"":""New"",""quantity of item"":""1"",""supplied by"":""Other"",""item price"":""$6.29""},{""supplied by"":""Other"",""condition"":""New"",""item price"":""$5.67"",""quantity of item"":""2 (1.42 lb)"",""sold by"":""Whole Foods Market (seller profile)"",""item name"":""Produce Organic Red Bell Pepper, 1 Each""},{""quantity of item"":""1"",""item name"":""365 by Whole Foods Market, Tofu Firm Organic, 14 Ounce"",""sold by"":""Whole Foods Market (seller profile)"",""condition"":""New"",""supplied by"":""Other"",""item price"":""$2.99""},{""item name"":""Organic Angel Sweet Grape Tomatoes, One pint"",""supplied by"":""Other"",""condition"":""New"",""sold by"":""Whole Foods Market (seller profile)"",""item price"":""null"",""quantity of item"":""1""},{""item name"":""Organic Banana"",""quantity of item"":""6 (2.41 lb)"",""condition"":""New"",""supplied by"":""Other"",""item price"":""$2.39"",""sold by"":""Whole Foods Market (seller profile)""},{""sold by"":""Whole Foods Market (seller profile)"",""condition"":""New"",""item name"":""Madegood Healthy Granola Bars, Chocolate Chip, Gluten-Free Vegan, 6 Bars"",""quantity of item"":""1"",""item price"":""$4.79"",""supplied by"":""Other""},{""condition"":""New"",""supplied by"":""Other"",""item price"":""$4.99"",""sold by"":""Whole Foods Market (seller profile)"",""item name"":""Brussels Sprout Organic, 16 Ounce"",""quantity of item"":""1""},{""item price"":""$3.99"",""supplied by"":""Other"",""condition"":""New"",""quantity of item"":""1"",""item name"":""365 by Whole Foods Market, Organic 365 Stringless Snap Peas, 8 Ounce"",""sold by"":""Whole Foods Market (seller profile)""},{""quantity of item"":""1"",""item price"":""$13.99"",""sold by"":""Whole Foods Market (seller profile)"",""condition"":""New"",""supplied by"":""Other""},{""item name"":""Beef Loin Flank Steak Pasture Raised Step 4"",""item price"":""$26.08"",""sold by"":""Whole Foods Market (seller profile)"",""quantity of item"":""1.74 lb"",""supplied by"":""Other"",""condition"":""New""},{""quantity of item"":""1"",""condition"":""New"",""item price"":""$6.49"",""item name"":""Produce Organic Blueberry, 12 Oz"",""sold by"":""Whole Foods Market (seller profile)"",""supplied by"":""Other""},{""sold by"":""Whole Foods Market (seller profile)"",""quantity of item"":""1"",""supplied by"":""Other"",""condition"":""New"",""item price"":""$5.29"",""item name"":""Produce Organic Blackberries, 6 Oz""},{""condition"":""New"",""supplied by"":""Other"",""item name"":""South Organic Fruits, Organic Apple Honeycrisp, 48 Ounce Bag"",""sold by"":""Whole Foods Market (seller profile)"",""quantity of item"":""1"",""item price"":""$9.99""},{""item price"":""$3.99"",""sold by"":""Whole Foods Market (seller profile)"",""condition"":""New"",""quantity of item"":""1"",""supplied by"":""Other"",""item name"":""365 by Whole Foods Market, Garlic Peeled 6Oz Organic, 6 Ounce""},{""sold by"":""Whole Foods Market (seller profile)"",""supplied by"":""Other"",""item price"":""$5.43"",""quantity of item"":""3 (2.18 lb)"",""item name"":""Organic Jewel Sweet Potato"",""condition"":""New""},{""sold by"":""Whole Foods Market (seller profile)"",""supplied by"":""Other"",""quantity of item"":""2"",""item price"":""$2.99"",""item name"":""Large Organic Hass Avocado"",""condition"":""New""},{""supplied by"":""Other"",""sold by"":""Whole Foods Market (seller profile)"",""condition"":""New"",""item price"":""$4.39"",""item name"":""Organic Salad Clam Butter Plus,4 Ounce"",""quantity of item"":""1""},{""item name"":""365 by Whole Foods Market, Chicken Thigh Boneless Skinless Tray Pack Organic Step 3"",""supplied by"":""Other"",""condition"":""New"",""sold by"":""Whole Foods Market (seller profile)"",""item price"":""$8.83"",""quantity of item"":""1 (1.36 lb)""},{""item price"":""$5.49"",""quantity of item"":""1"",""sold by"":""Whole Foods Market (seller profile)"",""item name"":""Produce Organic Red Raspberries,6 Oz"",""supplied by"":""Other"",""condition"":""New""},{""condition"":""New"",""item price"":""$5.49"",""sold by"":""Whole Foods Market (seller profile)"",""item name"":""Produce Organic Red Raspberries"",""supplied by"":""Other"",""quantity of item"":""1""},{""item name"":""Organic Red Creamer Potatoes"",""supplied by"":""Other"",""quantity of item"":""1"",""condition"":""New"",""item price"":""$5.49"",""sold by"":""Whole Foods Market (seller profile)""},{""supplied by"":""Other"",""item name"":""Organic Red Onion"",""sold by"":""Whole Foods Market (seller profile)"",""item price"":""$2.09"",""condition"":""New"",""quantity of item"":""0.84 lb""},{""item price"":""$3.99"",""quantity of item"":""4"",""condition"":""New"",""item name"":""Artichoke Organic"",""supplied by"":""Other"",""sold by"":""Whole Foods Market (seller profile)""},{""item price"":""$4.29"",""item name"":""Produce Organic Strawberries"",""condition"":""New"",""sold by"":""Whole Foods Market (seller profile)"",""quantity of item"":""1 lb"",""supplied by"":""Other""},{""sold by"":""Whole Foods Market (seller profile)"",""condition"":""New"",""item price"":""$26.67"",""quantity of item"":""2.67 lb"",""item name"":""Mary's Chicken Chicken Breast Boneless Skinless Air Chilled Tray Pack Organic Step 3"",""supplied by"":""Other""}]",113-3768036-0494634,"April 23,2023","April 23,2023",$239.74,$219.79,$9.95
16,2023_04_23_amazon-whole foods-113-9913337-9256265.pdf_0,"[{""item name"":""Chobani Greek Yogurt, 2%, Pineapple, 5.3 oz"",""sold by"":""Prime Now LLC (seller profile)"",""condition"":""New"",""quantity of item"":""2"",""item price"":""$1.49"",""supplied by"":""Other""},{""sold by"":""Prime Now LLC (seller profile)"",""condition"":""New"",""item name"":""Rosarita No Fat Traditional Refried Beans, 16 oz"",""supplied by"":""Other"",""item price"":""$2.29"",""quantity of item"":""2""},{""sold by"":""Prime Now LLC (seller profile)"",""condition"":""New"",""quantity of item"":""1"",""item name"":""Thomas' Original English Muffins, Plain, 13 oz, 6 count (Pack of 1)"",""supplied by"":""Other"",""item price"":""$4.99""},{""condition"":""New"",""supplied by"":""Other"",""item name"":""Kellogg's Frosted Mini-Wheats Cold Breakfast Cereal, High-Fiber, Whole Grain, Family Size, Blueberry Muffin, 22oz Box (1 Box)"",""sold by"":""Prime Now LLC (seller profile)"",""quantity of item"":""1"",""item price"":""$4.99""},{""item price"":""$3.59"",""sold by"":""Prime Now LLC (seller profile)"",""item name"":""De Cecco Pasta, Spaghetti, 16 oz"",""supplied by"":""Other"",""quantity of item"":""1"",""condition"":""New""},{""item price"":""$8.99"",""sold by"":""Prime Now LLC (seller profile)"",""item name"":""Rao's Homemade Marinara Sauce, 24 oz, All Purpose Tomato Sauce, Pasta Sauce, Carb Conscious, Keto Friendly, All Natural, Premium Quality, With Italian Tomatoes & Olive Oil"",""supplied by"":""Other"",""quantity of item"":""1"",""condition"":""New""},{""quantity of item"":""1"",""sold by"":""Prime Now LLC (seller profile)"",""supplied by"":""Other"",""item name"":""LaCroix Sparkling Water, Pamplemousse (Grapefruit) 8 pack"",""condition"":""New"",""item price"":""$4.29""},{""item name"":""Oroweat Whole Grains 100% Whole Wheat Bread, Baked with Simple Ingredients & Whole Wheat, 8 oz"",""quantity of item"":""1"",""item price"":""$5.49"",""sold by"":""Prime Now LLC (seller profile)"",""supplied by"":""Other"",""condition"":""New""},{""supplied by"":""Other"",""item name"":""LEA & PERRINS Worcestershire Sauce, 10 oz. Bottles (Pack of 12)"",""sold by"":""Prime Now LLC (seller profile)"",""condition"":""New"",""item price"":""$5.49"",""quantity of item"":""1""},{""item name"":""Chobani Greek Yogurt,0%, Black Cherry,5.3 oz"",""item price"":""$1.49"",""sold by"":""Prime Now LLC (seller profile)"",""quantity of item"":""2"",""condition"":""New"",""supplied by"":""Other""},{""sold by"":""Prime Now LLC (seller profile)"",""item name"":""Earthbound Farm Organic Classic Caesar Salad Kit"",""quantity of item"":""1"",""condition"":""New"",""item price"":""$4.69"",""supplied by"":""Other""},{""supplied by"":""Other"",""item price"":""$5.99"",""condition"":""New"",""quantity of item"":""1"",""item name"":""Yasso\u00ae Frozen Greek Yogurt Bars, Fudge Brownie, 3.5 Ounce Bars, 4 Count"",""sold by"":""Prime Now LLC (seller profile)""},{""supplied by"":""Other"",""sold by"":""Prime Now LLC (seller profile)"",""item price"":""$5.39"",""item name"":""Mission Carb Balance Soft Taco Flour Tortillas, 8 Count, Low Carb, Keto, High Fiber, No Sugar"",""condition"":""New"",""quantity of item"":""1""},{""quantity of item"":""1"",""sold by"":""Prime Now LLC (seller profile)"",""supplied by"":""Other"",""item price"":""$3.99"",""item name"":""365 by Whole Foods Market, Crackers Sandwich Peanut Butter Mini Organic, 7.5 Ounce"",""condition"":""New""},{""supplied by"":""Other"",""item name"":""Daisy, Sour Cream, Light, 16 oz"",""quantity of item"":""1"",""sold by"":""Prime Now LLC (seller profile)"",""condition"":""New"",""item price"":""$2.79""},{""supplied by"":""Other"",""item price"":""$6.99"",""condition"":""New"",""item name"":""FAGE Total Greek Yogurt, 0% Nonfat, Plain, 32 oz"",""quantity of item"":""2"",""sold by"":""Prime Now LLC (seller profile)""},{""item price"":""$5.99"",""quantity of item"":""1"",""sold by"":""Prime Now LLC (seller profile)"",""supplied by"":""Other"",""item name"":""Yasso\u00ae Frozen Greek Yogurt Bars, Sea Salt Caramel, 3.5 Ounce Bars, 4 Count"",""condition"":""New""},{""item name"":""San Luis Sourdough Deli Bread, 24 oz"",""quantity of item"":""1"",""supplied by"":""Other"",""item price"":""$5.99"",""condition"":""New"",""sold by"":""Prime Now LLC (seller profile)""},{""item price"":""$4.99"",""item name"":""Philadelphia Original Whipped Cream Cheese Spread, 8 oz. Tub"",""quantity of item"":""1"",""condition"":""New"",""supplied by"":""Other"",""sold by"":""Prime Now LLC (seller profile)""},{""sold by"":""Prime Now LLC (seller profile)"",""condition"":""New"",""item price"":""$3.69"",""supplied by"":""Other"",""item name"":""Mission Soft Taco Flour Tortillas, Medium Size, 10 Count, Trans Fat Free"",""quantity of item"":""1""},{""supplied by"":""Other"",""item price"":""$8.49"",""item name"":""Multi Grain Cheerios Heart Healthy Cereal, Gluten Free Multigrain Cereal with Whole Grain Oats, Family Size, 18 oz"",""quantity of item"":""1"",""condition"":""New"",""sold by"":""Prime Now LLC (seller profile)""},{""sold by"":""Prime Now LLC (seller profile)"",""item price"":""$5.39"",""item name"":""Thomas' Plain Soft & Chewy Pre-Sliced Bagels, 6 count, 3.35 Oz"",""condition"":""New"",""quantity of item"":""1"",""supplied by"":""Other""}]",113-9913337-9256265,"April 23,2023","April 23,2023",$131.50,$119.74,$3.95
17,2023_04_30_amazon-whole foods-113-5375343-7582646.pdf_0,"[{""item name"":""Sweet Potato Garnet Organic, 1 Each"",""supplied by"":""Other"",""quantity of item"":""3 (1.93 lb)"",""condition"":""New"",""sold by"":""Whole Foods Market (seller profile)"",""item price"":""($2.49/lb) $4.81""},{""condition"":""New"",""item name"":""365 by Whole Foods Market, Blend Mexican Shred, 8 Ounce"",""quantity of item"":""1"",""supplied by"":""Other"",""sold by"":""Whole Foods Market (seller profile)"",""item price"":""$4.29""},{""sold by"":""Whole Foods Market (seller profile)"",""condition"":""New"",""item name"":""California Olive Ranch, California Collection, Olive Oil (1L (Pack of 1))"",""item price"":""$26.49"",""quantity of item"":""1"",""supplied by"":""Other""},{""quantity of item"":""2.76 lb"",""condition"":""New"",""supplied by"":""Other"",""item name"":""Chicken Breast Bone-In Split Air Chilled Organic Step 3"",""item price"":""($7.99/lb) $22.05"",""sold by"":""Whole Foods Market (seller profile)""},{""item name"":""Carrot Organic"",""quantity of item"":""0.96 lb"",""supplied by"":""Other"",""condition"":""New"",""item price"":""($1.49/lb) $1.43"",""sold by"":""Whole Foods Market (seller profile)""},{""quantity of item"":""1"",""item price"":""$4.79"",""item name"":""365 by Whole Foods Market, Frozen Fruit, Strawberries - Whole, 16 Ounce"",""condition"":""New"",""supplied by"":""Other"",""sold by"":""Whole Foods Market (seller profile)""},{""condition"":""New"",""supplied by"":""Other"",""item name"":""365 by Whole Foods Market, Quinoa White Organic, 16 Ounce"",""quantity of item"":""1"",""item price"":""$5.79"",""sold by"":""Whole Foods Market (seller profile)""},{""item name"":""JUDYS Organic Extra Large Eggs, 12 CT"",""supplied by"":""Other"",""item price"":""$6.69"",""sold by"":""Whole Foods Market (seller profile)"",""condition"":""New"",""quantity of item"":""1""},{""item price"":""$4.99"",""item name"":""PRODUCE Organic Mini Cucumbers, 1 EA"",""quantity of item"":""1"",""supplied by"":""Other"",""sold by"":""Whole Foods Market (seller profile)"",""condition"":""New""},{""item price"":null,""item name"":""Ocean's Halo, Organic Ramen Noodles, Vegan, USDA Organic, 8.4 Ounce"",""supplied by"":""Other"",""condition"":""New"",""quantity of item"":""1"",""sold by"":""Whole Foods Market (seller profile)""},{""supplied by"":""Other"",""item name"":""Organic Ginger Root"",""sold by"":""Whole Foods Market (seller profile)"",""item price"":""($5.99/lb) $1.92"",""condition"":""New"",""quantity of item"":""1 (0.32 lb)""},{""item name"":""365 by Whole Foods Market, Blackberries Organic, 10 Ounce"",""condition"":""New"",""sold by"":""Whole Foods Market (seller profile)"",""quantity of item"":""1"",""item price"":""$3.49"",""supplied by"":""Other""},{""supplied by"":""Other"",""item price"":""$3.39"",""sold by"":""Whole Foods Market (seller profile)"",""condition"":""New"",""item name"":""Clover Sonoma Organic Heavy Whipping Cream, 8 FZ"",""quantity of item"":""1""},{""quantity of item"":""1"",""supplied by"":""Other"",""sold by"":""Whole Foods Market (seller profile)"",""condition"":""New"",""item price"":""$5.79"",""item name"":""Simply Orange Juice, 52 fl oz, 100% Juice Not from Concentrate, Pulp Free""},{""quantity of item"":""1"",""supplied by"":""Other"",""item price"":""$0.59"",""item name"":""Lime Regular Conventional, 1 Each"",""condition"":""New"",""sold by"":""Whole Foods Market (seller profile)""},{""supplied by"":""Other"",""item name"":""Produce Organic Broccoli, 1 Each"",""sold by"":""Whole Foods Market (seller profile)"",""quantity of item"":""1 (1.29 lb)"",""item price"":""($3.69/lb) $4.76"",""condition"":""New""},{""condition"":""New"",""quantity of item"":""1"",""sold by"":""Whole Foods Market (seller profile)"",""supplied by"":""Other"",""item name"":""Tillamook Medium Cheddar Cheese Block, 2lb"",""item price"":""$16.29""},{""item price"":null,""item name"":""365 by Whole Foods Market, Tofu Firm Organic, 14 Ounce"",""sold by"":""Whole Foods Market (seller profile)"",""supplied by"":""Other"",""quantity of item"":""1"",""condition"":""New""},{""condition"":""New"",""supplied by"":""Other"",""quantity of item"":""1"",""sold by"":""Whole Foods Market (seller profile)"",""item name"":""365 by Whole Foods Market, Frozen Organic Fruit, Raspberries, 10 Ounce"",""item price"":""$3.49""},{""condition"":""New"",""supplied by"":""Other"",""item price"":""$9.99"",""item name"":""Diestel, Fresh 99%/1% Organic Ground Turkey Breast, 1 lb"",""sold by"":""Whole Foods Market (seller profile)"",""quantity of item"":""1""},{""supplied by"":""Other"",""condition"":""New"",""item price"":""($5.99/lb) $0.54"",""sold by"":""Whole Foods Market (seller profile)"",""quantity of item"":""1 (0.09 lb)"",""item name"":""Onion Shallot Organic, 1 Each""},{""item name"":""Organic Ginger Root"",""condition"":""New"",""supplied by"":""Other"",""quantity of item"":""1 (0.32 lb)"",""sold by"":""Whole Foods Market (seller profile)"",""item price"":""($5.99/lb) $1.92""},{""condition"":""New"",""supplied by"":null,""item name"":""Produce Organic Strawberries, 1 lb"",""quantity of item"":""1"",""item price"":null,""sold by"":null},{""item price"":""$1.92"",""condition"":""New"",""item name"":""Organic Ginger Root"",""quantity of item"":""1 (0.32 lb)"",""sold by"":""Whole Foods Market (seller profile)"",""supplied by"":""Other""},{""condition"":""New"",""supplied by"":""Other"",""quantity of item"":""1"",""item price"":""$4.29"",""item name"":""Produce Organic Strawberries, 1 lb"",""sold by"":""Whole Foods Market (seller profile)""},{""item name"":""Produce Organic Blueberry, 12 Oz"",""sold by"":""Whole Foods Market (seller profile)"",""quantity of item"":""1"",""condition"":""New"",""supplied by"":""Other"",""item price"":""$6.49""},{""sold by"":""Whole Foods Market (seller profile)"",""quantity of item"":""1"",""supplied by"":""Other"",""item price"":""$5.99"",""condition"":""New"",""item name"":""San Marzano, Crushed Tomatoes, 28 oz""},{""quantity of item"":""1"",""condition"":""New"",""item price"":""$5.29"",""supplied by"":""Other"",""item name"":""Produce Organic Blackberries, 6 Oz"",""sold by"":""Whole Foods Market (seller profile)""},{""condition"":""New"",""sold by"":""Whole Foods Market (seller profile)"",""supplied by"":""Other"",""item price"":""$4.49"",""quantity of item"":""1"",""item name"":""365 by Whole Foods Market, Parmesan Grated, 5 Ounce""},{""condition"":""New"",""sold by"":""Whole Foods Market (seller profile)"",""supplied by"":""Other"",""item price"":""$7.69"",""quantity of item"":""1"",""item name"":""Santa Cruz Organic Light Roasted Creamy Peanut Butter, 16 Ounce""},{""quantity of item"":""1"",""supplied by"":""Other"",""condition"":""New"",""sold by"":""Whole Foods Market (seller profile)"",""item name"":""South Organic Fruits, Organic Apple Honeycrisp, 48 Ounce Bag"",""item price"":""$9.99""},{""condition"":""New"",""item price"":""$4.39"",""sold by"":""Whole Foods Market (seller profile)"",""supplied by"":""Other"",""item name"":""Organic Salad Clam Butter Plus, 4 Ounce"",""quantity of item"":""1""},{""quantity of item"":""1.35 lb"",""condition"":""New"",""sold by"":""Whole Foods Market (seller profile)"",""item name"":""Mary's Chicken Organic Bone In Chicken Thighs"",""supplied by"":""Other"",""item price"":""$8.09""},{""supplied by"":""Other"",""item name"":""Clover Sonoma Low Fat Buttermilk, 32 FZ"",""item price"":""$2.99"",""quantity of item"":""1"",""condition"":""New"",""sold by"":""Whole Foods Market (seller profile)""},{""sold by"":""Whole Foods Market (seller profile)"",""quantity of item"":""2 (1.45 lb)"",""condition"":""New"",""item name"":""Produce Organic Red Bell Pepper, 1 Each"",""supplied by"":""Other"",""item price"":""$5.79""},{""item price"":""$5.49"",""sold by"":""Whole Foods Market (seller profile)"",""supplied by"":""Other"",""quantity of item"":""1"",""item name"":""Produce Organic Red Raspberries,6 Oz"",""condition"":""New""},{""item name"":""365 by Whole Foods Market, Organic Baby Bella Sliced Mushrooms,8 Ounce"",""item price"":""$3.99"",""sold by"":""Whole Foods Market (seller profile)"",""condition"":""New"",""quantity of item"":""1"",""supplied by"":""Other""},{""sold by"":""Whole Foods Market (seller profile)"",""condition"":""New"",""item price"":""$7.49"",""quantity of item"":""1"",""supplied by"":""Other"",""item name"":""PASTA ETC Fresh Fettuccini,12 OZ""},{""supplied by"":""Other"",""condition"":""New"",""item price"":""$4.79"",""quantity of item"":""1"",""sold by"":""Whole Foods Market (seller profile)"",""item name"":""Madegood Healthy Granola Bars, Chocolate Chip, Gluten-Free Vegan,6 Bars""},{""item name"":""Organic Banana"",""supplied by"":""Other"",""condition"":""New"",""sold by"":""Whole Foods Market (seller profile)"",""item price"":""$2.51"",""quantity of item"":""6 (2.54 lb)""}]",113-5375343-7582646,"April 29,2023","April 30, 2023",$262.88,$242.93,$9.95
18,2023_05_07_amazon-fresh-113-5268096-8379465.pdf_0,"[{""condition"":""New"",""supplied by"":""Other"",""sold by"":""Prime Now LLC (seller profile)"",""item price"":""$2.98"",""item name"":""Arm and Hammer, Baking Soda, 4 lb"",""quantity of item"":""1""},{""item name"":""Arm & Hammer Baking Soda, 1 lb."",""supplied by"":""Other"",""condition"":""New"",""sold by"":""Prime Now LLC (seller profile)"",""quantity of item"":""5"",""item price"":""$1.19""},{""item name"":""LaCroix Sparkling Water, Pamplemousse (Grapefruit) 8 pack"",""condition"":""New"",""quantity of item"":""1"",""supplied by"":""Other"",""item price"":""$3.99"",""sold by"":""Prime Now LLC (seller profile) Supplied by: Other""},{""condition"":""New"",""item name"":""Thomas' Plain Soft & Chewy Pre-Sliced Bagels, 6 count, 3.35 Oz"",""sold by"":""Prime Now LLC (seller profile) Supplied by: Other"",""quantity of item"":""1"",""supplied by"":""Other"",""item price"":""$5.39""},{""condition"":""New"",""sold by"":""Prime Now LLC (seller profile) Supplied by: Other"",""item name"":""Rao's Homemade Marinara Sauce, 24 oz, All Purpose Tomato Sauce, Pasta Sauce, Carb Conscious, Keto Friendly, All Natural, Premium Quality, With Italian Tomatoes & Olive Oil"",""item price"":""$8.99"",""quantity of item"":""1"",""supplied by"":""Other""},{""supplied by"":""Other"",""item price"":""$4.99"",""condition"":""New"",""sold by"":""Prime Now LLC (seller profile) Supplied by: Other"",""item name"":""Kellogg's Frosted Mini-Wheats Cold Breakfast Cereal, High-Fiber, Whole Grain, Family Size, Strawberry, 22oz Box (1 Box)"",""quantity of item"":""1""},{""condition"":""New"",""sold by"":""Prime Now LLC (seller profile) Supplied by: Other"",""item name"":""Earthbound Farm Organic Classic Caesar Salad Kit"",""item price"":""$4.69"",""supplied by"":""Other"",""quantity of item"":""1""},{""supplied by"":""Other"",""quantity of item"":""2"",""item name"":""FAGE Total Greek Yogurt, 0% Nonfat, Plain, 32 oz"",""sold by"":""Prime Now LLC (seller profile) Supplied by: Other"",""condition"":""New"",""item price"":""$6.99""},{""sold by"":""Prime Now LLC (seller profile)"",""item price"":""$5.39"",""supplied by"":""Other"",""quantity of item"":""1"",""item name"":""Honey Bunches of Oats Honey Roasted, Heart Healthy, Low Fat, made with Whole Grain Cereal, 12 Ounce"",""condition"":""New""},{""supplied by"":""Other"",""item price"":""$4.99"",""item name"":""Thomas' Original English Muffins, Plain,13 oz,6 count (Pack of 1)"",""quantity of item"":""1"",""sold by"":""Prime Now LLC (seller profile)"",""condition"":""New""}]",113-5268096-8379465,"May  7,2023","May   7,2023",$100.96,$85.92,$6.95
19,2023_05_07_amazon-whole foods-113-3366375-0657833.pdf_0,"[{""condition"":""New"",""item price"":""$5.69"",""item name"":""365 by Whole Foods Market, Organic Salad Kit, Asian Inspired, 12 Ounce"",""sold by"":""Whole Foods Market (seller profile)"",""quantity of item"":""1"",""supplied by"":""Other""},{""quantity of item"":""1.15 lb"",""sold by"":""Whole Foods Market (seller profile)"",""condition"":""New"",""item name"":""Mary's Chicken, Chicken Breast Boneless Skinless Air Chilled Tray Pack Organic Step 3"",""supplied by"":""Other"",""item price"":""$21.03""},{""supplied by"":""Other"",""condition"":""New"",""item price"":null,""item name"":""Pork Shoulder Butt Roast Boneless Organic Step 1"",""sold by"":""Whole Foods Market (seller profile)"",""quantity of item"":""3.24 lb""},{""item price"":""$5.99"",""quantity of item"":""1"",""condition"":""New"",""sold by"":""Whole Foods Market (seller profile)"",""item name"":""365 by Whole Foods Market, Pretzel Nugget Peanut Butter, 18 Ounce"",""supplied by"":""Other""},{""condition"":""New"",""supplied by"":""Other"",""item name"":""Bi-color Corn, 1 Ear"",""sold by"":""Whole Foods Market (seller profile)"",""item price"":""$0.75"",""quantity of item"":""4""},{""sold by"":""Whole Foods Market (seller profile)"",""item price"":""$5.11"",""quantity of item"":""4 (2.57 lb)"",""supplied by"":""Other"",""condition"":""New"",""item name"":""Organic Russet Potato""},{""item name"":""Campos Borquez, Asparagus Green Organic, 16 Ounce"",""item price"":""$5.87"",""supplied by"":""Other"",""sold by"":""Whole Foods Market (seller profile)"",""condition"":""New"",""quantity of item"":""1 (0.98 lb)""},{""supplied by"":""Other"",""condition"":""New"",""quantity of item"":""3.10 lb"",""item name"":""Mary's Chicken Organic Bone In Chicken Thighs"",""sold by"":""Whole Foods Market (seller profile)"",""item price"":""$18.57""},{""sold by"":""Whole Foods Market (seller profile)"",""supplied by"":""Other"",""item price"":""$6.49"",""quantity of item"":""1"",""item name"":""Produce Organic Blueberry, 12 Oz"",""condition"":""New""},{""item price"":""$7.69"",""sold by"":""Whole Foods Market (seller profile)"",""supplied by"":""Other"",""condition"":""New"",""item name"":""Sweet Potato Garnet Organic, 1 Each"",""quantity of item"":""3 (3.09 lb)""},{""condition"":""New"",""quantity of item"":""6 (2.22 lb)"",""item price"":""$2.20"",""sold by"":null,""item name"":""Organic Banana"",""supplied by"":""Other""},{""item name"":""365 by Whole Foods Market, Pasta Spaghetti, 16 Ounce"",""quantity of item"":""1"",""item price"":""$2.89"",""sold by"":""Whole Foods Market (seller profile)"",""condition"":""New"",""supplied by"":""Other""},{""quantity of item"":""1"",""sold by"":""Whole Foods Market (seller profile)"",""item name"":""Large Organic Hass Avocado"",""condition"":""New"",""supplied by"":""Other"",""item price"":null},{""quantity of item"":""1"",""item name"":""Whole Foods Market Brioche Wheat Hamburger Buns, 6 Ct"",""condition"":""New"",""supplied by"":""Other"",""sold by"":""Whole Foods Market (seller profile)"",""item price"":""$4.79""},{""sold by"":""Whole Foods Market (seller profile)"",""item name"":""Madegood Healthy Granola Bars, Chocolate Chip, Gluten-Free Vegan, 6 Bars"",""condition"":""New"",""quantity of item"":""1"",""item price"":""$5.29"",""supplied by"":""Other""},{""supplied by"":""Other"",""sold by"":""Whole Foods Market (seller profile)"",""quantity of item"":""1"",""item name"":""Produce Organic Blackberries, 6 Oz"",""condition"":""New"",""item price"":null},{""sold by"":""Whole Foods Market (seller profile)"",""supplied by"":""Other"",""condition"":""New"",""item price"":""$3.99"",""quantity of item"":""1"",""item name"":""Produce Organic Strawberries, 1 lb""},{""item name"":""Diestel, Fresh 99%/1% Organic Ground Turkey Breast, 1 lb"",""sold by"":""Whole Foods Market (seller profile)"",""quantity of item"":""1"",""supplied by"":""Other"",""item price"":""$9.99"",""condition"":""New""},{""sold by"":""Whole Foods Market (seller profile)"",""quantity of item"":""4"",""item name"":""Artichoke Organic, 1 Each"",""condition"":""New"",""supplied by"":""Other"",""item price"":""$3.99""},{""sold by"":""Whole Foods Market (seller profile)"",""item name"":""Produce Organic Red Raspberries, 6 Oz"",""condition"":""New"",""quantity of item"":""1"",""item price"":""$5.49"",""supplied by"":""Other""},{""sold by"":""Whole Foods Market (seller profile)"",""item price"":""$9.99"",""condition"":""New"",""item name"":""PRODUCE Organic Honeycrisp Apples, 48 Ounce"",""supplied by"":""Other"",""quantity of item"":""1""},{""sold by"":null,""supplied by"":null,""condition"":null,""item name"":""Credit Card transactions"",""quantity of item"":""Visa ending in 4734: May 8, 2023"",""item price"":""$10.00""},{""sold by"":null,""quantity of item"":""Visa ending in 4734: May 7, 2023"",""supplied by"":null,""condition"":null,""item name"":null,""item price"":""$171.50""}]",113-3366375-0657833,"May 7,2023","May 7,2023",$181.50,$161.55,$9.95
20,2023_05_17_amazon-whole foods-113-7058045-0009014.pdf_0,"[{""supplied by"":""Other"",""sold by"":""Prime Now LLC (seller profile)"",""condition"":""New"",""item price"":""$6.69"",""item name"":""Outshine, No Sugar Added Strawberry, Tangerine & Raspberry Frozen Fruit Bars, 12 Count (Frozen)"",""quantity of item"":""4""},{""quantity of item"":""1"",""sold by"":""Prime Now LLC (seller profile)"",""item price"":""$5.99"",""item name"":""Crofter's Organic Premium Spread Strawberry, 16.5 Oz Jar"",""supplied by"":""Other"",""condition"":""New""},{""item price"":""$4.19"",""sold by"":""Prime Now LLC (seller profile) Supplied by: Other"",""supplied by"":""Other"",""item name"":""365 by Whole Foods Market, Peanut Butter Unsweetened & No Salt Organic, 16 Ounce"",""condition"":""New"",""quantity of item"":""1""},{""item name"":""Organic Valley, Organic 2% Milk, 64 Oz (Half Gallon)"",""item price"":""$5.29"",""condition"":""New"",""sold by"":""Prime Now LLC (seller profile) Supplied by: Other"",""quantity of item"":""1"",""supplied by"":""Other""},{""condition"":""New"",""sold by"":""Prime Now LLC (seller profile)"",""item price"":""$6.69"",""supplied by"":""Other"",""quantity of item"":""1"",""item name"":""SkinnyPop Popcorn, Gluten Free, Dairy Free, Non-GMO, Healthy Snacks, Skinny Pop Original Popcorn Snack Packs, 0.65oz Individual Size Snack Bags (6 Count)""},{""item price"":""$7.09"",""condition"":""New"",""item name"":""Vital Farms Organic Pasture Raised Eggs Large Brown, 12 Count"",""quantity of item"":""1"",""sold by"":""Prime Now LLC (seller profile)"",""supplied by"":""Other""},{""quantity of item"":""1"",""supplied by"":""Other"",""item name"":""GoGo squeeZ Fruit on the Go Variety Pack, Apple, Banana & Strawberry, 3.2 oz (Pack of 20), Unsweetened Fruit Snacks for Kids, Gluten Free, Nut Free and Dairy Free, Recloseable Cap, BPA Free Pouches"",""condition"":""New"",""sold by"":""Prime Now LLC (seller profile)"",""item price"":""$13.29""},{""quantity of item"":""1"",""item name"":""Produce Organic Blueberry, 12 Oz"",""supplied by"":""Other"",""condition"":""New"",""item price"":""$5.49"",""sold by"":""Prime Now LLC (seller profile)""}]",113-7058045-0009014,"May  17,2023","May    17,2023",$86.74,$74.79,$6.95
21,2023_05_23_amazon-whole foods-113-0742834-0244211.pdf_0,"[{""item price"":""$2.79"",""sold by"":""Prime Now LLC (seller profile)"",""supplied by"":""Other"",""item name"":""Muir Glen Organic Diced Fire Roasted Canned Tomatoes, No Salt Added, 14.5 oz."",""quantity of item"":""1"",""condition"":""New""},{""supplied by"":""Other"",""quantity of item"":""1"",""sold by"":""Prime Now LLC (seller profile)"",""condition"":""New"",""item name"":""Produce Yellow Onion, 1 Each"",""item price"":""$0.99""},{""quantity of item"":""1"",""item name"":""Sargento, Shredded 4 Cheese Mexican, 8 oz"",""supplied by"":""Other"",""condition"":""New"",""sold by"":""Prime Now LLC (seller profile)"",""item price"":""$4.49""},{""quantity of item"":""1"",""condition"":""New"",""supplied by"":""Other"",""sold by"":""Prime Now LLC (seller profile)"",""item price"":""$6.69"",""item name"":""SkinnyPop Popcorn, Gluten Free, Dairy Free, Non-GMO, Healthy Snacks, Skinny Pop Original Popcorn Snack Packs, 0.65oz Individual Size Snack Bags (6 Count)""},{""condition"":""New"",""item price"":""$4.29"",""item name"":""organicgirl Organic True Hearts Butter Plus, 4 oz"",""supplied by"":""Other"",""quantity of item"":""1"",""sold by"":""Prime Now LLC (seller profile)""},{""quantity of item"":""6"",""sold by"":""Prime Now LLC (seller profile)"",""item price"":""$2.69"",""item name"":""Pringles Potato Crisps Chips, Lunch Snacks, On-The-Go Snacks, Original, 5.2oz Can (1 Can)"",""condition"":""New"",""supplied by"":""Other""},{""supplied by"":""Other"",""condition"":""New"",""item name"":""Bear Fruit Strawberry Rolls, 0.7 Ounce, 5 Ct"",""item price"":""$4.99"",""sold by"":""Prime Now LLC (seller profile)"",""quantity of item"":""1""},{""condition"":""New"",""item name"":""Mission Thin & Crispy Tortilla Chips, 9 Oz"",""item price"":""$3.49"",""quantity of item"":""1"",""supplied by"":""Other"",""sold by"":""Prime Now LLC (seller profile)""},{""item name"":""365 by Whole Foods Market, Granola French Vanilla Almond Organic, 17 Ounce"",""supplied by"":""Other"",""condition"":""New"",""item price"":""$5.29"",""quantity of item"":""1"",""sold by"":""Prime Now LLC (seller profile)""},{""sold by"":""Prime Now LLC (seller profile)"",""supplied by"":""Other"",""item name"":""365 by Whole Foods Market, Broth Chicken Low Sodium Organic, 32 Fl Oz"",""condition"":""New"",""quantity of item"":""2"",""item price"":""$3.69""}]",113-0742834-0244211,"May  22,2023","May 23, 2023",$68.49,$56.54,$6.95
22,2023_05_29_amazon-fresh-113-5234070-7633032.pdf_0,"[{""sold by"":""Prime Now LLC (seller profile)"",""condition"":""New"",""item price"":""$4.99"",""item name"":""Thomas' Original English Muffins, Plain, 13 oz, 6 count (Pack of 1)"",""quantity of item"":""1"",""supplied by"":""Other""},{""item name"":""FAGE Total Greek Yogurt, 0% Nonfat, Plain, 32 oz"",""quantity of item"":""1"",""condition"":""New"",""sold by"":""Prime Now LLC (seller profile)"",""item price"":""$6.99"",""supplied by"":""Other""},{""item name"":""Produce Organic Red Raspberries, 6 Oz"",""item price"":""$4.59"",""sold by"":""Prime Now LLC (seller profile)"",""supplied by"":""Other"",""condition"":""New"",""quantity of item"":""1""},{""quantity of item"":""1"",""item name"":""Mission Soft Taco Flour Tortillas, Medium Size, 10 Count, Trans Fat Free"",""condition"":""New"",""supplied by"":""Other"",""sold by"":""Prime Now LLC (seller profile)"",""item price"":""$3.69""},{""supplied by"":""Other"",""sold by"":""Prime Now LLC (seller profile)"",""quantity of item"":""1"",""item name"":""Organic Girl Baby Spring Mix, 5 Ounce"",""item price"":""$4.29"",""condition"":""New""},{""supplied by"":""Other"",""quantity of item"":""1"",""sold by"":""Prime Now LLC (seller profile)"",""item name"":""Rao's Homemade Marinara Sauce, 24 oz, All Purpose Tomato Sauce, Pasta Sauce, Carb Conscious, Keto Friendly, All Natural, Premium Quality, With Italian Tomatoes & Olive Oil"",""item price"":""$9.29"",""condition"":""New""},{""item price"":""$5.49"",""quantity of item"":""1"",""supplied by"":""Other"",""item name"":""Chobani\u00ae Low-Fat Vanilla Greek Yogurt, Mixed Berry on the Bottom 5.3oz 4-pack"",""condition"":""New"",""sold by"":""Prime Now LLC (seller profile)""},{""sold by"":""Prime Now LLC (seller profile)"",""quantity of item"":""1"",""item price"":""$4.49"",""condition"":""New"",""item name"":""Taylor Farms Ultimate Caesar Salad Kit"",""supplied by"":""Other""},{""supplied by"":""Other Condition"",""condition"":""New"",""quantity of item"":""2"",""item name"":""Chobani Greek Yogurt, 2%, Pineapple, 5.3 oz"",""item price"":""$1.49"",""sold by"":""Prime Now LLC (seller profile)""},{""item price"":""$9.29"",""quantity of item"":""1"",""supplied by"":""Other"",""item name"":""GoGo squeeZ Fruit on the Go Variety Pack, Apple & Gimme Five!,3.2 oz (Pack of 12), Unsweetened Fruit Snacks for Kids"",""condition"":""New"",""sold by"":""Prime Now LLC (seller profile)""}]",113-5234070-7633032,"May  29,2023","May   29,2023",$68.04,$56.09,$6.95
23,2023_05_29_amazon-whole foods-113-7917435-2833854.pdf_0,"[{""quantity of item"":""2"",""item price"":""$1.49"",""sold by"":""Whole Foods Market (seller profile)"",""supplied by"":""Other"",""condition"":""New"",""item name"":""Chobani\u00ae Non-Fat Greek Yogurt Strawberry on the Bottom 5.3oz""},{""supplied by"":""Other"",""item name"":""JUDYS Organic Extra Large Eggs, 12 CT"",""item price"":""$6.69"",""quantity of item"":""1"",""condition"":""New"",""sold by"":""Whole Foods Market (seller profile)""},{""quantity of item"":""2.25 lb"",""item price"":""($20.99/lb) $47.23"",""item name"":""Beef Ribeye Steak Boneless Pasture Raised Step 4"",""sold by"":""Whole Foods Market (seller profile)"",""supplied by"":""Other"",""condition"":""New""},{""supplied by"":""Other"",""condition"":""New"",""sold by"":""Whole Foods Market (seller profile)"",""item name"":""Produce Organic Red Bell Pepper, 1 Each"",""quantity of item"":""1 (0.52 lb)"",""item price"":""($3.99/lb) $2.07""},{""item name"":""Large Organic Hass Avocado"",""condition"":""New"",""item price"":""$2.89"",""sold by"":""Whole Foods Market (seller profile)"",""quantity of item"":""1"",""supplied by"":""Other""},{""item name"":""Sweet Potato Garnet Organic, 1 Each"",""sold by"":""Whole Foods Market (seller profile)"",""supplied by"":""Other"",""condition"":""New"",""item price"":""($2.49/lb) $7.47"",""quantity of item"":""5 (3.00 lb)""},{""condition"":""New"",""sold by"":""Whole Foods Market (seller profile)"",""item name"":""365 by Whole Foods Market, Pasta Spaghetti, 16 Ounce"",""quantity of item"":""1"",""supplied by"":""Other"",""item price"":""$1.89""},{""quantity of item"":""1"",""item price"":""$5.49"",""supplied by"":""Other"",""condition"":""New"",""item name"":""365 by Whole Foods Market, Pretzel Nugget Peanut Butter, 18 Ounce"",""sold by"":""Whole Foods Market (seller profile)""},{""quantity of item"":""2"",""supplied by"":""Other"",""item name"":""Chobani Greek Yogurt, 0%, Vanilla, 5.3 oz"",""sold by"":""Whole Foods Market (seller profile)"",""condition"":""New"",""item price"":""$1.49""},{""sold by"":""Whole Foods Market (seller profile)"",""condition"":""New"",""quantity of item"":""1 (0.85 lb)"",""item price"":""($3.99/lb) $3.39"",""supplied by"":""Other"",""item name"":""Produce Organic Broccoli, 1 Each""},{""quantity of item"":""1"",""condition"":""New"",""item price"":""$5.79"",""supplied by"":""Other"",""item name"":""365 by Whole Foods Market, Cheddar Mild Stick, 6 Ounce"",""sold by"":""Whole Foods Market (seller profile)""},{""supplied by"":""Other"",""quantity of item"":""1"",""condition"":""New"",""sold by"":""Whole Foods Market (seller profile)"",""item name"":""Produce Organic Blueberry, 12 Oz"",""item price"":""$4.29""},{""item price"":""$3.79"",""supplied by"":""Other"",""quantity of item"":""1"",""condition"":""New"",""sold by"":""Whole Foods Market (seller profile)"",""item name"":""365 by Whole Foods Market, Organic Unsweetened Apple Sauce, 24 Ounce""},{""item price"":""$3.29"",""condition"":""New"",""sold by"":""Whole Foods Market (seller profile)"",""quantity of item"":""1"",""item name"":""365 by Whole Foods Market, Baby Bella Sliced Mushrooms, 8 Ounce"",""supplied by"":""Other""},{""quantity of item"":""1"",""sold by"":""Whole Foods Market (seller profile)"",""item price"":""$9.99"",""supplied by"":""Other"",""item name"":""PRODUCE Organic Honeycrisp Apples, 48 Ounce"",""condition"":""New""},{""supplied by"":""Other"",""item name"":""365 by Whole Foods Market, Pretzel Twists Mini Organic, 8 Ounce"",""condition"":""New"",""quantity of item"":""1"",""sold by"":""Whole Foods Market (seller profile)"",""item price"":""$2.39""},{""item name"":""Diestel, Fresh 99%/1% Organic Ground Turkey Breast, 1 lb"",""condition"":""New"",""quantity of item"":""1"",""item price"":""$9.99"",""sold by"":""Whole Foods Market (seller profile)"",""supplied by"":""Other""},{""quantity of item"":""1"",""condition"":""New"",""item price"":""$5.29"",""supplied by"":""Other"",""sold by"":""Whole Foods Market (seller profile)"",""item name"":""Tillamook Medium Cheddar Cheese Block, 8oz""},{""item price"":""$4.99"",""sold by"":""Whole Foods Market (seller profile)"",""supplied by"":""Other"",""quantity of item"":""1"",""item name"":""Produce Organic Blackberries, 6 Oz"",""condition"":""New""},{""item price"":""$3.59"",""item name"":""Madegood Healthy Granola Bars, Chocolate Chip, Gluten-Free Vegan, 6 Bars"",""sold by"":""Whole Foods Market (seller profile)"",""condition"":""New"",""quantity of item"":""1"",""supplied by"":""Other""},{""item price"":""($1.69/lb) $3.30"",""supplied by"":""Other"",""condition"":""New"",""item name"":""Russet Potato"",""quantity of item"":""4 (1.95 lb)"",""sold by"":""Whole Foods Market (seller profile)""},{""sold by"":""Whole Foods Market (seller profile)"",""condition"":""New"",""supplied by"":""Other"",""quantity of item"":""1"",""item name"":""Produce Organic Strawberries, 1 lb"",""item price"":""$5.99""},{""sold by"":""Whole Foods Market (seller profile)"",""item price"":""($0.99/lb)   $1.61"",""item name"":""Organic Banana"",""condition"":""New"",""quantity of item"":""5 (1.63  lb)"",""supplied by"":""Other""}]",113-7917435-2833854,"May 29,2023","May 29, 2023",$164.33,$147.38,$9.95
24,2023_06_07_amazon-whole foods-113-9234472-8455423.pdf_0,"[{""quantity of item"":""3 (0.86 lb)"",""condition"":""New"",""item name"":""Organic Yellow Peach"",""item price"":""$2.83"",""sold by"":""Whole Foods Market (seller profile)"",""supplied by"":""Other""},{""condition"":""New"",""item name"":""365 by Whole Foods Market, Unsalted Black Beans, 15 Ounce"",""item price"":""$1.39"",""quantity of item"":""1"",""supplied by"":""Other"",""sold by"":""Whole Foods Market (seller profile)""},{""item price"":""$6.99"",""item name"":""Immaculate Baking Organic Flaky Biscuits, 8 Biscuits"",""sold by"":""Whole Foods Market (seller profile)"",""quantity of item"":""1"",""condition"":""New"",""supplied by"":""Other""},{""item name"":""Medium Hass Avocado"",""supplied by"":""Other"",""sold by"":""Whole Foods Market (seller profile)"",""item price"":""$1.29"",""quantity of item"":""1"",""condition"":""New""},{""sold by"":""Whole Foods Market (seller profile)"",""item price"":""$5.49"",""quantity of item"":""1"",""item name"":""Organic Red Raspberries, 6 Oz"",""condition"":""New"",""supplied by"":""Other""},{""item name"":""Mary's Chicken Organic Bone In Chicken Thighs"",""quantity of item"":""3.20 lb"",""sold by"":""Whole Foods Market (seller profile)"",""condition"":""New"",""supplied by"":""Other"",""item price"":""$19.17""},{""condition"":""New"",""supplied by"":""Other"",""item price"":""$6.69"",""quantity of item"":""1"",""sold by"":""Whole Foods Market (seller profile)"",""item name"":""JUDYS Organic Extra Large Eggs, 12 CT""},{""item name"":""365 by Whole Foods Market, Organic Dark Red Kidney Beans, 15.5 Ounce"",""sold by"":""Whole Foods Market (seller profile)"",""item price"":""$1.59"",""condition"":""New"",""quantity of item"":""1"",""supplied by"":""Other""},{""condition"":""New"",""sold by"":""Whole Foods Market (seller profile)"",""item name"":""Diestel, Fresh 99%/1% Organic Ground Turkey Breast, 1 lb"",""item price"":""$9.99"",""supplied by"":""Other"",""quantity of item"":""1""},{""condition"":""New"",""quantity of item"":""1"",""item name"":""365 by Whole Foods Market, Carrot Petite Peeled Organic, 12 Ounce"",""item price"":""$2.79"",""supplied by"":""Other"",""sold by"":""Whole Foods Market (seller profile)""},{""item name"":""365 by Whole Foods Market, Organic Tomato Sauce, 15 Ounce"",""sold by"":""Whole Foods Market (seller profile)"",""quantity of item"":""1"",""item price"":""$1.89"",""supplied by"":""Other"",""condition"":""New""},{""condition"":""New"",""supplied by"":""Other"",""sold by"":""Whole Foods Market (seller profile)"",""item price"":""$4.99"",""quantity of item"":""1"",""item name"":""Organic Blackberries, 6 Oz""},{""sold by"":""Whole Foods Market (seller profile)"",""item price"":""$3.79"",""item name"":""365 by Whole Foods Market, Organic Unsweetened Apple Sauce, 24 Ounce"",""supplied by"":""Other"",""condition"":""New"",""quantity of item"":""1""},{""item price"":""$1.79"",""sold by"":""Whole Foods Market (seller profile)"",""condition"":""New"",""quantity of item"":""1"",""item name"":""Organic Cucumber, 1 Each"",""supplied by"":""Other""},{""quantity of item"":""1"",""item price"":""$4.99"",""supplied by"":""Other"",""sold by"":""Whole Foods Market (seller profile)"",""condition"":""New"",""item name"":""365 by Whole Foods Market, Salad Bag Kit Classic Caesar Organic, 7.8 Ounce""},{""sold by"":""Whole Foods Market (seller profile)"",""item name"":""Organic Green Asparagus"",""quantity of item"":""1 (1.00 lb)"",""condition"":""New"",""supplied by"":""Other"",""item price"":""$5.99""},{""sold by"":""Whole Foods Market (seller profile)"",""supplied by"":""Other"",""item price"":""$7.99"",""quantity of item"":""1"",""item name"":""Santa Cruz Organic Light Roasted Creamy Peanut Butter, 16 Ounce"",""condition"":""New""},{""supplied by"":""Other"",""item name"":""PRODUCE Pineapple Chunks Medium"",""sold by"":""Whole Foods Market (seller profile)"",""condition"":""New"",""quantity of item"":""1.10 lb"",""item price"":""$6.59""},{""sold by"":""Whole Foods Market (seller profile)"",""item price"":""$5.99"",""supplied by"":""Other"",""quantity of item"":""1"",""item name"":""San Marzano, Crushed Tomatoes, 28 oz"",""condition"":""New""},{""sold by"":""Whole Foods Market (seller profile)"",""item name"":""365 by Whole Foods Market, Organic Cannellini Beans, 15.5 Ounce"",""quantity of item"":""1"",""item price"":""$1.59"",""condition"":""New"",""supplied by"":""Other""},{""supplied by"":""Other"",""condition"":""New"",""sold by"":""Whole Foods Market (seller profile)"",""item name"":""Organic Banana"",""item price"":""$0.91"",""quantity of item"":""2 (0.92 lb)""},{""quantity of item"":""1 (0.46 lb)"",""condition"":""New"",""sold by"":""Whole Foods Market (seller profile)"",""item price"":""$1.84"",""supplied by"":""Other"",""item name"":""Organic Red Bell Pepper, 1 Each""},{""quantity of item"":""4"",""item name"":""Bi-color  Corn,1    Ear"",""condition"":""New"",""supplied by"":""Other"",""item price"":""$0.75"",""sold by"":""Whole Foods Market (seller profile)""},{""item name"":""Cedar's   Foods,   Cucumber     Garlic  Tzatziki"",""sold by"":""Whole Foods Market (seller profile)"",""supplied by"":""Other"",""item price"":""$4.49"",""condition"":""New"",""quantity of item"":""1""},{""supplied by"":""Other"",""quantity of item"":""1"",""item name"":""Organic   Strawberries,     1 Lb"",""sold by"":""Whole Foods Market (seller profile)"",""item price"":""$3.69"",""condition"":""New""},{""item name"":""NATIERRA     Organic    Freeze  Dried   Srawberries,    0.8  OZ"",""item price"":""$8.99"",""quantity of item"":""1"",""condition"":""New"",""supplied by"":""Other"",""sold by"":""Whole Foods Market (seller profile)""},{""item price"":""$7.99"",""condition"":null,""quantity of item"":null,""supplied by"":null,""sold by"":null,""item name"":""FAGE    Total Greek   Yogurt,0%      Nonfat,   Plain,32   oz""},{""supplied by"":""Other"",""sold by"":""Whole Foods Market (seller profile)"",""item price"":""$8.99"",""item name"":""NATIERRA Organic Freeze Dried Srawberries"",""condition"":""New"",""quantity of item"":""1""},{""item name"":""FAGE Total Greek Yogurt,0% Nonfat Plain"",""condition"":""New"",""supplied by"":""Other"",""quantity of item"":""1"",""sold by"":""Whole Foods Market (seller profile)"",""item price"":""$7.99""},{""item name"":""365 by Whole Foods Market Peanut Butter Pretzel Nuggets"",""sold by"":""Whole Foods Market (seller profile)"",""supplied by"":""Other"",""condition"":""New"",""item price"":""$5.49"",""quantity of item"":""1""},{""quantity of item"":""2.13 lb"",""item price"":""($9.99/lb) $21.28"",""item name"":""Pork Loin Chop Bone-In Organic Step 1"",""condition"":""New"",""sold by"":""Whole Foods Market (seller profile)"",""supplied by"":""Other""}]",113-9234472-8455423,"June 6,2023","June 7, 2023",$0.00,$161.50,
25,2023_07_03_amazon-whole foods-114-6744303-1536264.pdf_0,"[{""supplied by"":""Other"",""item name"":""Kellogg's Frosted Mini-Wheats Cold Breakfast Cereal, High-Fiber, Whole Grain, Family Size, Strawberry, 22oz Box (1 Box)"",""sold by"":""Prime Now LLC (seller profile)"",""condition"":""New"",""item price"":""$6.29"",""quantity of item"":""1""},{""condition"":""New"",""quantity of item"":""1"",""supplied by"":""Other"",""item name"":""La Croix Sparkling Water, Grapefruit, 12 Fl Oz (Pack of 8)"",""item price"":""$4.19"",""sold by"":""Prime Now LLC (seller profile)""},{""item name"":""Thomas' Plain Soft & Chewy Pre-Sliced Bagels, 6 count, 3.35 Oz"",""supplied by"":""Other"",""condition"":""New"",""item price"":""$4.99"",""quantity of item"":""1"",""sold by"":""Prime Now LLC (seller profile)""},{""item price"":""$5.49"",""quantity of item"":""1"",""supplied by"":""Other"",""item name"":""Thomas' Original English Muffins Plain 6 count, 13 Ounce"",""condition"":""New"",""sold by"":""Prime Now LLC (seller profile)""},{""sold by"":""Prime Now LLC (seller profile)"",""item name"":""Berry Berry Kix Whole Grain Breakfast Cereal, Crispy Corn Cereal, Family Size, 18 oz"",""item price"":""$7.29"",""quantity of item"":""1"",""supplied by"":""Other"",""condition"":""New""},{""supplied by"":""Other"",""item name"":""Oroweat Whole Grains 100% Whole Wheat Bread, Baked with Simple Ingredients & Whole Wheat, 8 oz"",""item price"":""$5.69"",""quantity of item"":""1"",""condition"":""New"",""sold by"":""Prime Now LLC (seller profile)""},{""quantity of item"":""1"",""item price"":""$5.99"",""condition"":""New"",""supplied by"":""Other"",""item name"":""Almond Breeze Unsweetened Vanilla Almondmilk"",""sold by"":""Prime Now LLC (seller profile)""},{""item price"":""$5.69"",""supplied by"":""Other"",""sold by"":""Prime Now LLC (seller profile)"",""quantity of item"":""1"",""item name"":""Organic Blueberries, 12 Oz"",""condition"":""New""},{""sold by"":""Prime Now LLC (seller profile)"",""quantity of item"":""1"",""item price"":""$8.29"",""condition"":""New"",""supplied by"":""Other"",""item name"":""Disney Mickey Light Ice Cream Bars, 6 Count (Frozen)""},{""item price"":""$5.49"",""condition"":""New"",""supplied by"":""Other"",""sold by"":""Prime Now LLC (seller profile)"",""quantity of item"":""1"",""item name"":""Chobani\u00ae Low-Fat Vanilla Greek Yogurt, Mixed Berry on the Bottom 5.3oz 4-pack""},{""item name"":""San Luis Sourdough Deli Bread, 24 oz"",""condition"":""New"",""sold by"":""Prime Now LLC (seller profile)"",""quantity of item"":""1"",""supplied by"":""Other"",""item price"":""$5.59""},{""item name"":""FAGE Total Greek Yogurt, 0% Nonfat, Plain, 32 oz"",""quantity of item"":""1"",""condition"":""New"",""sold by"":""Prime Now LLC (seller profile)"",""supplied by"":""Other"",""item price"":""$7.29""},{""item price"":""$5.29"",""sold by"":""Prime Now LLC (seller profile)"",""item name"":""Nature's Path Organic Instant Hot Oatmeal, Maple Nut, 14 Ounce"",""quantity of item"":""1"",""condition"":""New"",""supplied by"":""Other""},{""supplied by"":""Other"",""quantity of item"":""1"",""sold by"":""Prime Now LLC (seller profile)"",""condition"":""New"",""item price"":""$4.99"",""item name"":""Earthbound Farm Organic Classic Caesar Salad Kit""},{""condition"":""New"",""supplied by"":""Other"",""quantity of item"":""1"",""sold by"":""Prime Now LLC (seller profile)"",""item name"":""Organic Blackberries, 6 Oz"",""item price"":""$4.59""},{""condition"":""New"",""item price"":""$5.69"",""supplied by"":""Other"",""quantity of item"":""1"",""sold by"":""Prime Now LLC (seller profile)"",""item name"":""Mission Carb Balance Soft Taco Flour Tortillas, 8 Count, Low Carb, Keto, High Fiber, No Sugar""},{""item name"":""365 by Whole Foods Market, Organic Strawberry Fruit Spread, 17 Ounce"",""item price"":""$4.19"",""condition"":""New"",""sold by"":""Prime Now LLC (seller profile)"",""quantity of item"":""1"",""supplied by"":""Other""},{""item price"":""$6.79"",""supplied by"":""Other"",""quantity of item"":""1"",""item name"":""SkinnyPop Popcorn, Gluten Free, Dairy Free, Non-GMO, Healthy Snacks, Skinny Pop Original Popcorn Snack Packs, 0.65oz Individual Size Snack Bags (6 Count)"",""condition"":""New"",""sold by"":""Prime Now LLC (seller profile)""},{""item name"":""Sargento, Shredded 4 Cheese Mexican, 8 oz"",""sold by"":""Prime Now LLC (seller profile)"",""quantity of item"":""1"",""item price"":""$4.69"",""supplied by"":""Other"",""condition"":""New""}]",114-6744303-1536264,"July 3,2023","July 3,2023",$117.65,$108.51,$3.95
26,2023_07_10_amazon-fresh-114-2661209-7441032.pdf_0,"[{""sold by"":""Prime Now LLC (seller profile)"",""item name"":""Earthbound Farm Organic Classic Caesar Salad Kit"",""supplied by"":""Other"",""item price"":""$4.99"",""condition"":""New"",""quantity of item"":""1""},{""supplied by"":""Other"",""item price"":""$2.64"",""item name"":""Rosarita Traditional Refried Beans, 30 oz"",""sold by"":""Prime Now LLC (seller profile)"",""quantity of item"":""1"",""condition"":""New""},{""quantity of item"":""1"",""supplied by"":""Other"",""item price"":""$5.69"",""item name"":""Tostitos Chunky Salsa - Medium, 24 Ounce"",""sold by"":""Prime Now LLC (seller profile)"",""condition"":""New""},{""item name"":""Outshine, No Sugar Added Strawberry, Tangerine & Raspberry Frozen Fruit Bars, 12 Count (Frozen)"",""item price"":""$6.79"",""sold by"":""Prime Now LLC (seller profile)"",""condition"":""New"",""quantity of item"":""1"",""supplied by"":""Other""},{""sold by"":""Prime Now LLC (seller profile)"",""quantity of item"":""1"",""item price"":""$8.69"",""item name"":""Disney Mickey Light Ice Cream Bars, 6 Count (Frozen)"",""condition"":""New"",""supplied by"":""Other""},{""quantity of item"":""1"",""item price"":""$4.49"",""item name"":""Organic Mini Cucumbers, 12 Oz"",""condition"":""New"",""supplied by"":""Other"",""sold by"":""Prime Now LLC (seller profile)""},{""sold by"":""Prime Now LLC (seller profile)"",""item name"":""Daisy, Sour Cream, Light, 16 oz"",""item price"":""$2.59"",""quantity of item"":""1"",""condition"":""New"",""supplied by"":""Other""},{""supplied by"":""Other"",""item price"":""$4.99"",""condition"":""New"",""item name"":""Thomas' Plain Soft & Chewy Pre-Sliced Bagels, 6 count, 3.35 Oz"",""quantity of item"":""1"",""sold by"":""Prime Now LLC (seller profile)""},{""condition"":""New"",""item price"":""$5.49"",""quantity of item"":""1"",""item name"":""Thomas' Original English Muffins Plain 6 count, 13 Ounce"",""supplied by"":""Other"",""sold by"":""Prime Now LLC (seller profile)""},{""item price"":""$7.49"",""sold by"":""Prime Now LLC (seller profile)"",""item name"":""FAGE Total Greek Yogurt, 0% Nonfat, Plain, 32 oz"",""quantity of item"":""1"",""condition"":""null"",""supplied by"":""Other""},{""sold by"":""Prime Now LLC (seller profile)"",""condition"":""New"",""supplied by"":""Other"",""item price"":""$5.69"",""quantity of item"":""1"",""item name"":""Oroweat    Double   Fiber  Bread,  Baked    with  Simple  Ingredients    &  Whole   Wheat,24     oz""},{""quantity of item"":""1"",""supplied by"":""Other"",""item name"":""Oroweat    Whole   Grains   100%    Whole   Wheat   Bread,   Baked   with  Simple   Ingredients   &  Whole   Wheat,8     oz"",""condition"":""New"",""item price"":""$5.69"",""sold by"":""Prime Now LLC (seller profile)""},{""item price"":""$4.19"",""condition"":""New"",""supplied by"":""Other"",""sold by"":""Prime Now LLC (seller profile)"",""quantity of item"":""1"",""item name"":""Pace  Chunky    Salsa,  Mild,16    Oz  (Pack  of  1)""}]",114-2661209-7441032,"July 10,2023","July 10,2023",$78.60,$69.42,$6.95
27,2023_07_10_amazon-whole foods-114-9205878-6338605.pdf_0,"[{""quantity of item"":""1"",""condition"":""New"",""sold by"":""Whole Foods Market (seller profile)"",""item price"":""$4.39"",""item name"":""Organicgirl Organic Romaine Heart Leaves, 7 oz"",""supplied by"":""Other""},{""item price"":""($4.99/lb) $7.49"",""item name"":""Organic White Peach"",""supplied by"":""Other"",""sold by"":""Whole Foods Market (seller profile)"",""quantity of item"":""4 (1.50 lb)"",""condition"":""New""},{""supplied by"":""Other"",""quantity of item"":""1"",""item price"":""$1.79"",""condition"":""New"",""item name"":""365 by Whole Foods Market, Organic Dark Red Kidney Beans, 15.5 Ounce"",""sold by"":""Whole Foods Market (seller profile)""},{""sold by"":""Whole Foods Market (seller profile)"",""quantity of item"":""1"",""supplied by"":""Other"",""condition"":""New"",""item price"":""$4.49"",""item name"":""HATCH CHILI COMPANY Organic Mild Red Enchilada Sauce, 15 OZ""},{""sold by"":""Whole Foods Market (seller profile)"",""item name"":""Large Organic Hass Avocado"",""supplied by"":""Other"",""item price"":""$2.89"",""quantity of item"":""1"",""condition"":""New""},{""item price"":""($7.99/lb) $10.63"",""sold by"":""Whole Foods Market (seller profile)"",""condition"":""New"",""supplied by"":""Other"",""item name"":""365 by Whole Foods Market, Chicken Thigh Boneless Skinless Tray Pack Organic Step 3"",""quantity of item"":""1 (1.33 lb)""},{""item name"":""Clover Sonoma, Organic 2% Reduced Fat Milk, 128 Fl. Oz"",""sold by"":""Whole Foods Market (seller profile)"",""quantity of item"":""1"",""item price"":""$7.28"",""supplied by"":""Other"",""condition"":""New""},{""item price"":""($2.99/lb) $1.41"",""sold by"":""Whole Foods Market (seller profile)"",""supplied by"":""Other"",""condition"":""New"",""item name"":""Organic Zucchini Squash, 1 Each"",""quantity of item"":""1 (0.47 lb)""},{""item price"":""$1.79"",""condition"":""New"",""supplied by"":""Other"",""sold by"":""Whole Foods Market (seller profile)"",""item name"":""365 by Whole Foods Market, Beans Black Organic, 15 Ounce"",""quantity of item"":""2""},{""item price"":""$4.99"",""supplied by"":""Other"",""sold by"":""Whole Foods Market (seller profile)"",""item name"":""Organic Angel Sweet Grape Tomatoes, One pint"",""quantity of item"":""1"",""condition"":""New""},{""item price"":""$4.79"",""supplied by"":""Other"",""condition"":""New"",""item name"":""SAN MERICAN TOMATO Crushed Tomatoes, 26.46 OZ"",""quantity of item"":""1"",""sold by"":""Whole Foods Market (seller profile)""},{""condition"":""New"",""quantity of item"":""1 (0.44 lb)"",""supplied by"":""Other"",""item price"":""($3.99/lb) $1.76"",""sold by"":""Whole Foods Market (seller profile)"",""item name"":""Organic Yellow Bell Pepper, 1 Each""},{""quantity of item"":""1"",""item price"":""$1.09"",""item name"":""365 by Whole Foods Market, Sauce Tomato Organic, 8 Ounce"",""sold by"":""Whole Foods Market (seller profile)"",""supplied by"":""Other"",""condition"":""New""},{""quantity of item"":""1"",""sold by"":""Whole Foods Market (seller profile)"",""condition"":""New"",""supplied by"":""Other"",""item name"":""365 by Whole Foods Market, Balsamic Vinegar Of Modena, 16.9 Fl Oz"",""item price"":""$4.29""},{""item price"":""($2.49/lb) $1.82"",""quantity of item"":""1 (0.73 lb)"",""condition"":""New"",""item name"":""Organic Yellow Onion"",""supplied by"":""Other"",""sold by"":""Whole Foods Market (seller profile)""},{""quantity of item"":""6 (2.17 lb)"",""supplied by"":""Other"",""condition"":""New"",""item price"":""($0.99/lb) $2.15"",""sold by"":""Whole Foods Market (seller profile)"",""item name"":""Organic Banana""},{""supplied by"":""Other"",""item name"":""JUDYS Organic Large Eggs, 12 CT"",""sold by"":""Whole Foods Market (seller profile)"",""quantity of item"":""1"",""condition"":""New"",""item price"":""$6.99""},{""item name"":""365 by Whole Foods Market, Chicken Breast Boneless Skinless Tray Pack Organic Step 3"",""item price"":""($8.99/lb) $9.80"",""quantity of item"":""1 (1.09 lb)"",""sold by"":""Whole Foods Market (seller profile)"",""supplied by"":""Other"",""condition"":""New""},{""sold by"":""Whole Foods Market (seller profile)"",""condition"":""New"",""item name"":""Organic Blackberries, 6 Oz"",""item price"":""$5.29"",""quantity of item"":""1"",""supplied by"":""Other""},{""sold by"":""Whole Foods Market (seller profile)"",""supplied by"":""Other"",""item name"":""365 by Whole Foods Market, Organic No Salt Added Whole Kernel Corn, 15.25 Ounce"",""condition"":""New"",""item price"":""$2.39"",""quantity of item"":""1""},{""condition"":""New"",""sold by"":""Whole Foods Market (seller profile)"",""item name"":""Cedar's Foods, Cucumber Garlic Tzatziki, 12 oz"",""item price"":""$5.99"",""supplied by"":""Other"",""quantity of item"":""1""},{""sold by"":""Whole Foods Market (seller profile)"",""supplied by"":""Other"",""item name"":""365 by Whole Foods Market, Beans Black Refried Organic, 16 Ounce"",""item price"":""$1.79"",""condition"":""New"",""quantity of item"":""1""},{""sold by"":""Whole Foods Market (seller profile)"",""condition"":""New"",""item price"":""$3.50"",""item name"":""Organic   Strawberries,1      Lb"",""quantity of item"":""1"",""supplied by"":""Other""},{""item name"":""Country    Natural  Beef   Ground   Beef   90%   Lean/10%       Fat,16   OZ"",""quantity of item"":""1"",""item price"":""$8.99"",""supplied by"":""Other"",""condition"":""New"",""sold by"":""Whole Foods Market (seller profile)""},{""condition"":""New"",""item name"":""Diestel,  Fresh   99%/1%     Organic    Ground    Turkey   Breast,1    lb"",""sold by"":""Whole Foods Market (seller profile)"",""item price"":""$9.99"",""quantity of item"":""1"",""supplied by"":""Other""},{""item price"":""$9.99"",""sold by"":""Whole Foods Market (seller profile)"",""condition"":""New"",""supplied by"":""Other"",""item name"":""Diestel,  Fresh   99%/1%     Organic    Ground    Turkey   Breast,1    lb"",""quantity of item"":""1""},{""quantity of item"":""1 (0.44  lb)"",""sold by"":""Whole Foods Market (seller profile)"",""supplied by"":""Other"",""item price"":""$1.76"",""condition"":""New"",""item name"":""Organic   Red  Bell  Pepper,1    Each""},{""condition"":""New"",""sold by"":""Whole Foods Market (seller profile)"",""item price"":""$1.79"",""item name"":""365    by Whole    Foods   Market,   Organic   Cannellini   Beans,15.5     Ounce"",""quantity of item"":""1"",""supplied by"":""Other""},{""quantity of item"":""1 (1.16  lb)"",""item price"":""$4.63"",""supplied by"":""Other"",""item name"":""Organic   Broccoli,1    Each"",""condition"":""New"",""sold by"":""Whole Foods Market (seller profile)""},{""item name"":""365   by  Whole    Foods   Market,   Blend   Mexican   Shred,8    Ounce"",""item price"":""$4.49"",""sold by"":""Whole Foods Market (seller profile)"",""condition"":""New"",""quantity of item"":""1"",""supplied by"":""Other""},{""condition"":""New"",""sold by"":""Whole Foods Market (seller profile)"",""quantity of item"":""2 (1.00  lb)"",""item name"":""Organic   Yellow   Peach"",""supplied by"":""Other"",""item price"":""$4.99""}]",114-9205878-6338605,"July 10,2023","July 10,2023",$154.18,$137.23,$9.95
28,2023_07_16_amazon-fresh-114-3964199-9185015.pdf_0,"[{""item price"":""$11.29"",""condition"":""New"",""quantity of item"":""1"",""sold by"":""Prime Now LLC (seller profile)"",""item name"":""Clif Kid Zbar - Chocolate Brownie, 1.27 Oz, 12 Ct"",""supplied by"":""Other""},{""quantity of item"":""1"",""item name"":""Reynolds Wrap Aluminum Foil, 200 Square Feet"",""condition"":""New"",""item price"":""$13.79"",""sold by"":""Prime Now LLC (seller profile)"",""supplied by"":""Other""},{""sold by"":""Prime Now LLC (seller profile)"",""quantity of item"":""1"",""condition"":""New"",""supplied by"":""Other"",""item name"":""Organic Blackberries, 6 Oz"",""item price"":""$4.59""},{""supplied by"":""Other"",""condition"":""New"",""item price"":""$4.99"",""item name"":""Earthbound Farm Organic Classic Caesar Salad Kit"",""sold by"":""Prime Now LLC (seller profile)"",""quantity of item"":""1""},{""condition"":""New"",""item price"":""$4.19"",""item name"":""LaCroix Sparkling Water, Pamplemousse (Grapefruit), 12 Fl Oz (Pack of 8)"",""sold by"":""Prime Now LLC (seller profile)"",""quantity of item"":""1"",""supplied by"":""Other""},{""supplied by"":""Other"",""item name"":""Organic Red Raspberries, 6 Oz"",""quantity of item"":""1"",""condition"":""New"",""sold by"":""Prime Now LLC (seller profile)"",""item price"":""$5.29""},{""sold by"":""Prime Now LLC (seller profile)"",""item price"":""$14.49"",""supplied by"":""Other"",""condition"":""New"",""quantity of item"":""1"",""item name"":""Goldfish Crackers Big Smiles Variety Pack with Cheddar, Colors, and Pretzels, Snack Packs, 30 Ct""},{""item name"":""FAGE Total Greek Yogurt, 0% Nonfat, Plain, 32 oz"",""supplied by"":""Other"",""quantity of item"":""1"",""condition"":""New"",""sold by"":""Prime Now LLC (seller profile)"",""item price"":""$7.49""},{""supplied by"":""Other"",""condition"":""New"",""sold by"":""Prime Now LLC (seller profile)"",""item price"":""$4.49"",""item name"":""Organic Mini Cucumbers, 12 Oz"",""quantity of item"":""1""},{""item price"":""$4.79"",""sold by"":""Prime Now LLC (seller profile)"",""condition"":""New"",""quantity of item"":""1"",""supplied by"":""Other"",""item name"":""Bear Fruit Strawberry Rolls, 0.7 Ounce, 5 Ct""},{""item name"":""Sargento Shredded Mozzarella Natural Cheese, Traditional Cut,8 oz."",""condition"":""New"",""item price"":""$4.69"",""supplied by"":""Other"",""quantity of item"":""1"",""sold by"":""Prime Now LLC (seller profile)""},{""sold by"":""Prime Now LLC (seller profile)"",""item price"":""$11.29"",""quantity of item"":""1"",""item name"":""Clif Kid Zbar - Organic Granola Bars - Chocolate Chip - Non-GMO - Organic -Lunch Box Snacks (1.27 Ounce Energy Bars, 12 Count)"",""supplied by"":""Other"",""condition"":""New""},{""quantity of item"":""1"",""item price"":""$6.79"",""item name"":""SkinnyPop Popcorn, Gluten Free, Dairy Free, Non-GMO, Healthy Snacks, Skinny Pop Original Popcorn Snack Packs, 0.65oz Individual Size Snack Bags (6 Count)"",""sold by"":""Prime Now LLC (seller profile)"",""condition"":""New"",""supplied by"":""Other""},{""quantity of item"":""1"",""item name"":""Organic Strawberries, 1 Lb"",""sold by"":""Prime Now LLC (seller profile)"",""condition"":""New"",""supplied by"":""Other"",""item price"":""$5.29""},{""sold by"":""Prime Now LLC (seller profile)"",""condition"":""New"",""item price"":""$1.18"",""quantity of item"":""2"",""item name"":""Organic Yellow Onion, 1 Each"",""supplied by"":""Other""},{""item price"":""$6.69"",""supplied by"":""Other"",""condition"":""New"",""quantity of item"":""1"",""sold by"":""Prime Now LLC (seller profile)"",""item name"":""If You Care Parchment Baking Paper 70 Sq Ft Roll, Unbleached, Chlorine Free, Greaseproof, Silicone Coated, Standard Size, Fits 13 Inch Pans""},{""item price"":""$9.79"",""condition"":""New"",""supplied by"":""Other"",""quantity of item"":""1"",""item name"":""GoGo squeeZ Fruit on the Go Variety Pack, Apple & Gimme Five!, 3.2 oz (Pack of 12), Unsweetened Fruit Snacks for Kids, Gluten Free, Nut Free and Dairy Free, Recloseable Cap, BPA Free Pouches"",""sold by"":""Prime Now LLC (seller profile)""},{""condition"":""New"",""sold by"":""Prime Now LLC (seller profile)"",""supplied by"":""Other"",""quantity of item"":""1"",""item price"":""$6.69"",""item name"":""Ritz Original Party Size Crackers, 1 package (11.4oz)""},{""sold by"":""Prime Now LLC (seller profile)"",""supplied by"":""Other"",""item name"":""Sun-Maid | Yogurt Covered Raisin Snacks | Vanilla | 1 Ounce Snack-Size For Kids (6 Total)"",""item price"":""$3.69"",""quantity of item"":""1"",""condition"":""New""},{""quantity of item"":""1"",""item name"":""organicgirl Organic True Hearts Butter Plus, 4 oz"",""sold by"":""Prime Now LLC (seller profile)"",""supplied by"":""Other"",""condition"":""New"",""item price"":""$4.69""},{""item price"":""$12.49"",""supplied by"":""Other"",""condition"":""New"",""sold by"":""Prime Now LLC (seller profile)"",""quantity of item"":""3""}]",114-3964199-9185015,"July 16,2023","July 16,2023",$185.71,$174.84,$0.00
29,2023_07_16_amazon-whole foods-114-1059759-9545017.pdf_0,"[{""sold by"":null,""item price"":""$5.99"",""item name"":""Organic Blueberries, 18 oz Sold by: Whole Foods Market (seller profile)"",""quantity of item"":""1"",""supplied by"":""Other"",""condition"":""New""},{""condition"":""New 1 of: Pirate's Booty Aged White Cheddar Cheese Puffs 6ct, 1oz Individual Snack Size Bags, Gluten Free, Healthy Kids"",""quantity of item"":""1"",""item name"":""Organic Red Creamer Potatoes, 24 Ounce Sold by: Whole Foods Market (seller profile)"",""item price"":""$5.49"",""supplied by"":""Other"",""sold by"":null},{""supplied by"":""Other"",""item price"":""$4.99"",""item name"":""365 by Whole Foods Market, Ricotta Part Skim Milk, 15 Ounce Sold by: Whole Foods Market (seller profile)"",""quantity of item"":""1"",""condition"":""New 1 of: 365 by Whole Foods Market, Tofu Firm Organic, 14 Ounce Sold by: Whole Foods Market (seller profile) Supplied by: Other"",""sold by"":null},{""supplied by"":""Other"",""quantity of item"":""1"",""item name"":""365 by Whole Foods Market, Tofu Firm Organic, 14 Ounce Sold by: Whole Foods Market (seller profile) Supplied by: Other"",""condition"":""New"",""item price"":""$2.99"",""sold by"":null},{""item name"":""Organic Yellow Peach Sold by: Whole Foods Market (seller profile) Supplied by: Other"",""sold by"":null,""condition"":""New"",""item price"":""($4.99/lb) $3.34"",""supplied by"":""Other"",""quantity of item"":""2 (0.67 lb)""},{""quantity of item"":""1 (5.67 lb)"",""supplied by"":""Other"",""sold by"":null,""item price"":""($8.49/lb) $48.14"",""item name"":""365 by Whole Foods Market, Chicken Breast Boneless Skinless Value Pack Organic Step 3"",""condition"":""New""},{""condition"":""New"",""item price"":""$4.29"",""quantity of item"":""1"",""item name"":""Madegood Healthy Granola Bars, Chocolate Chip, Gluten-Free Vegan, 6 Bars Sold by: Whole Foods Market (seller profile) Supplied by: Other"",""supplied by"":""Other"",""sold by"":null},{""supplied by"":""Other"",""sold by"":null,""condition"":""New"",""item name"":""365 by Whole Foods Market, Bean Green Microwave Trimmed Organic, 12 Ounce Sold by: Whole Foods Market (seller profile) Supplied by: Other"",""item price"":""$4.29"",""quantity of item"":""1""},{""condition"":""New"",""item price"":""$2.89"",""quantity of item"":""1"",""supplied by"":""Other"",""sold by"":""Whole Foods Market (seller profile)"",""item name"":""Large Organic Hass Avocado""},{""condition"":""New"",""quantity of item"":""1"",""sold by"":null,""item name"":""Country Natural Beef Ground Beef 90% Lean/ 10% Fat, 16 OZ Sold by: Whole Foods Market (seller profile)"",""supplied by"":""Other"",""item price"":""$8.99""},{""quantity of item"":""1 (0.49 lb)"",""item name"":""Whole Foods Market Brioche Hamburger Buns, 6 Count Sold by: Whole Foods Market (seller profile)"",""condition"":""New"",""supplied by"":""Other"",""sold by"":null,""item price"":""$6.99""},{""condition"":""New"",""quantity of item"":""2 (0.91 lb)"",""item price"":""($4.99/lb) $4.54"",""sold by"":null,""supplied by"":""Other"",""item name"":""Organic Red Bell Pepper, 1 Each Sold by: Whole Foods Market (seller profile) Supplied by: Other""},{""quantity of item"":""1"",""sold by"":null,""item name"":""Clif Kid Zbar - Iced Oatmeal Cookie, 1.27 Ounce, 12 Ct Sold by: Whole Foods Market (seller profile) Supplied by: Other"",""item price"":""$13.99"",""supplied by"":""Other"",""condition"":""New""},{""quantity of item"":""1 (1.85 lb)"",""supplied by"":""Other"",""condition"":""New"",""sold by"":null,""item price"":""($0.99/lb) $1.83"",""item name"":""365 by Whole Foods Market, Garlic Peeled 6Oz Organic, 6 Ounce Sold by: Whole Foods Market (seller profile) Supplied by: Other""},{""supplied by"":""Other"",""condition"":""New"",""quantity of item"":""1 (2.00 lb)"",""item name"":""Green Seedless Grapes, 1 Bag Sold by: Whole Foods Market (seller profile) Supplied by: Other"",""item price"":""($2.49/lb) $4.98"",""sold by"":null},{""item price"":""$4.49"",""quantity of item"":""1"",""condition"":""New"",""item name"":""365 by Whole Foods Market, Parmesan Shred, 5 Ounce Sold by: Whole Foods Market (seller profile) Supplied by: Other"",""supplied by"":""Other"",""sold by"":null},{""item price"":null,""quantity of item"":""1"",""condition"":""New"",""sold by"":null,""supplied by"":""Other"",""item name"":""Organic Angel Sweet Grape Tomatoes, One pint Sold by: Whole Foods Market (seller profile) Supplied by: Other""},{""quantity of item"":""1 (1.10 lb)"",""item price"":""($4.49/lb) $4.94"",""item name"":""Santa Cruz Organic Light Roasted Creamy Peanut Butter, 16 Ounce Sold by: Whole Foods Market (seller profile) Supplied by: Other"",""supplied by"":""Other"",""sold by"":null,""condition"":""New""},{""supplied by"":""Other"",""item price"":""$5.99"",""sold by"":""Whole Foods Market (seller profile)"",""item name"":""San  Marzano,     Crushed   Tomatoes,28       oz"",""condition"":""New"",""quantity of item"":""1""},{""item price"":""$6.29"",""condition"":""New"",""sold by"":""Whole Foods Market (seller profile)"",""supplied by"":""Other"",""item name"":""Nature's   Bakery   Raspberry    Fig  Bars,2   Oz,6    Ct"",""quantity of item"":""1""},{""item name"":""Organic   Lemon    Regular,1     Each"",""sold by"":""Whole Foods Market (seller profile)"",""item price"":""$1.39"",""quantity of item"":""2"",""condition"":""New"",""supplied by"":""Other""},{""condition"":""New"",""item name"":""Mitica  Caramelized     Pecans,4.41     OZ"",""quantity of item"":""1"",""sold by"":""Whole Foods Market (seller profile)"",""supplied by"":""Other"",""item price"":""$9.99""},{""condition"":""New"",""sold by"":""Whole Foods Market (seller profile)"",""item price"":""$1.39"",""supplied by"":""Other"",""quantity of item"":""2"",""item name"":""Organic Lemon Regular""},{""item price"":""$9.99"",""quantity of item"":""1"",""supplied by"":""Other"",""condition"":""New"",""sold by"":""Whole Foods Market (seller profile)"",""item name"":""Mitica Caramelized Pecans""},{""condition"":""New"",""item price"":""$4.99"",""supplied by"":""Other"",""item name"":""PRODUCE Corn 4 Count"",""quantity of item"":""1"",""sold by"":""Whole Foods Market (seller profile)""},{""condition"":""New"",""item price"":""$15.99"",""item name"":""Tillamook Medium Cheddar Cheese Block"",""sold by"":""Whole Foods Market (seller profile)"",""quantity of item"":""1"",""supplied by"":""Other""}]",114-1059759-9545017,"July 16,2023","July 16,2023",$226.56,$206.61,
30,2023_07_30_amazon-fresh-113-7429433-2100221.pdf_0,"[{""condition"":""New"",""item price"":""$5.29"",""item name"":""Thomas' Plain Soft & Chewy Pre-Sliced Bagels, 6 count, 3.35 Oz"",""quantity of item"":""1"",""supplied by"":""Other"",""sold by"":""Prime Now LLC (seller profile)""},{""item price"":""$2.49"",""item name"":""Organic Red Bell Pepper, 1 Each"",""quantity of item"":""1"",""condition"":""New"",""sold by"":""Prime Now LLC (seller profile)"",""supplied by"":""Other""},{""quantity of item"":""1"",""supplied by"":""Other"",""condition"":""New"",""sold by"":""Prime Now LLC (seller profile)"",""item price"":""$8.69"",""item name"":""Vital Farms Organic Pasture Raised Eggs Large Brown, 12 Count""},{""supplied by"":""Other"",""item price"":""$5.19"",""quantity of item"":""1"",""item name"":""Oroweat Double Fiber Bread, Baked with Simple Ingredients & Whole Wheat, 24 oz"",""condition"":""New"",""sold by"":""Prime Now LLC (seller profile)""},{""item price"":""$6.29"",""sold by"":""Prime Now LLC (seller profile)"",""condition"":""New"",""item name"":""Organic Valley, Organic 2% Milk, 64 Oz (Half Gallon)"",""quantity of item"":""1"",""supplied by"":""Other""},{""quantity of item"":""1"",""condition"":""New"",""item name"":""Thomas' Original English Muffins Plain 6 count, 13 Ounce"",""supplied by"":""Other"",""item price"":""$5.29"",""sold by"":""Prime Now LLC (seller profile)""},{""item name"":""Organic Red Raspberries, 6 Oz"",""item price"":""$5.49"",""condition"":""New"",""supplied by"":""Other"",""quantity of item"":""1"",""sold by"":""Prime Now LLC (seller profile)""},{""condition"":""New"",""quantity of item"":""1"",""supplied by"":""Other"",""item price"":""$1.99"",""item name"":""Dole, Organic Bananas, 2 lb Bag"",""sold by"":""Prime Now LLC (seller profile)""},{""condition"":""New"",""supplied by"":""Other"",""item price"":""$4.99"",""item name"":""Organic Blackberries, 6 Oz"",""sold by"":""Prime Now LLC (seller profile)"",""quantity of item"":""1""},{""sold by"":""Prime Now LLC (seller profile)"",""condition"":""New"",""item price"":""$12.79"",""supplied by"":""Other"",""quantity of item"":""1""},{""item price"":""$5.69"",""supplied by"":""Other"",""quantity of item"":""1"",""condition"":""New"",""item name"":""Oroweat Whole Grains 100% Whole Wheat Bread, Wheat Bread Free From Artificial Colors, Flavors and Preservatives,24 oz Loaf"",""sold by"":""Prime Now LLC (seller profile)""},{""item name"":""Chobani\u00ae Low-Fat Vanilla Greek Yogurt, Mixed Berry on the Bottom 5.3oz 4-pack"",""item price"":""$5.49"",""condition"":""New"",""quantity of item"":""1"",""supplied by"":""Other"",""sold by"":""Prime Now LLC (seller profile)""},{""sold by"":""Prime Now LLC (seller profile)"",""quantity of item"":""1"",""item price"":""$6.79"",""condition"":""New"",""item name"":""SkinnyPop Popcorn, Gluten Free, Dairy Free, Non-GMO, Healthy Snacks, Back to School Snack, Skinny Pop Original Popcorn Snack Packs, 0.65oz Individual Size Snack Bags (6 Count)"",""supplied by"":""Other""},{""condition"":""New"",""item price"":""$4.69"",""sold by"":""Prime Now LLC (seller profile)"",""item name"":""organicgirl Organic True Hearts Butter Plus, 4 oz"",""quantity of item"":""1"",""supplied by"":""Other""},{""sold by"":""Prime Now LLC (seller profile)"",""condition"":""New"",""quantity of item"":""1"",""supplied by"":""Other"",""item price"":""$4.99"",""item name"":""Earthbound Farm Organic Classic Caesar Salad Kit""},{""condition"":""New"",""item price"":""$5.69"",""sold by"":""Prime Now LLC (seller profile)"",""item name"":""Organic Strawberries, 1 Lb"",""supplied by"":""Other"",""quantity of item"":""1""},{""item name"":""House Foods, Organic Firm Tofu, 14 oz"",""quantity of item"":""1"",""item price"":""$3.39"",""condition"":""New"",""sold by"":""Prime Now LLC (seller profile)"",""supplied by"":""Other""},{""sold by"":""Prime Now LLC (seller profile)"",""condition"":""New"",""quantity of item"":""1"",""item name"":""Organic Blueberries, 12 Oz"",""item price"":""$5.99"",""supplied by"":""Other""},{""sold by"":""Prime Now LLC (seller profile)"",""item price"":""$10.79"",""condition"":""New"",""supplied by"":""Other"",""quantity of item"":""1"",""item name"":""Columbus, Sliced Italian Dry Salame, 12 oz""},{""item price"":""$4.59"",""sold by"":""Prime Now LLC (seller profile)"",""item name"":""Organic Mini Cucumbers, 12 Oz"",""quantity of item"":""1"",""condition"":""New"",""supplied by"":""Other""},{""supplied by"":""Other"",""sold by"":""Prime Now LLC (seller profile)"",""condition"":""New"",""item name"":""Applegate, Natural Oven Roasted Turkey Breast, 7oz"",""item price"":""$7.29"",""quantity of item"":""1""},{""item name"":""FAGE Total Greek Yogurt, 0% Nonfat, Plain, 32 oz"",""sold by"":""Prime Now LLC (seller profile)"",""supplied by"":""Other"",""quantity of item"":""1"",""condition"":""New"",""item price"":""$7.49""},{""sold by"":null,""supplied by"":null,""quantity of item"":null,""item price"":""$131.38"",""condition"":null,""item name"":""Item(s) Subtotal""},{""sold by"":null,""supplied by"":null,""quantity of item"":null,""condition"":null,""item name"":""Shipping & Handling"",""item price"":""$3.95""},{""sold by"":null,""condition"":null,""supplied by"":null,""item price"":""-$0.50"",""item name"":""Your Coupon Savings"",""quantity of item"":null},{""condition"":null,""sold by"":null,""supplied by"":null,""quantity of item"":null,""item price"":""$134.83"",""item name"":""Total before tax""},{""sold by"":null,""condition"":null,""quantity of item"":null,""supplied by"":null,""item name"":""Estimated tax to be collected"",""item price"":""$0.00""},{""condition"":null,""supplied by"":null,""item price"":""7.00"",""item name"":""Tip (optional)"",""quantity of item"":null,""sold by"":null},{""sold by"":null,""condition"":null,""quantity of item"":null,""item name"":""Grand Total"",""supplied by"":null,""item price"":""---- $141.83""},{""condition"":null,""quantity of item"":null,""item price"":""$7.00"",""item name"":""Credit Card transactions Visa ending in 4734: July 31, 2023"",""supplied by"":null,""sold by"":null},{""condition"":null,""quantity of item"":null,""supplied by"":null,""item price"":""$134.83"",""sold by"":null,""item name"":""Visa ending in 4734: July 30, 2023""}]",113-7429433-2100221,"July 30,2023","July 30,2023",$141.83,$131.38,$3.95
31,2023_08_06_amazon-whole foods-114-0050089-4626639.pdf_0,"[{""quantity of item"":""1"",""sold by"":""Prime Now LLC (seller profile)"",""supplied by"":""Other"",""item name"":""365 by Whole Foods Market, Granola French Vanilla Almond Organic,17 Ounce"",""item price"":""$4.29"",""condition"":""New""},{""item name"":""Sun-Maid Vanilla Yogurt Coated Raisins-(6 Pack) 1 oz Snack-Size Box-Yogurt Covered Dried Fruit Snack for Lunches and Snacks"",""sold by"":""Prime Now LLC (seller profile)"",""item price"":""$3.69"",""supplied by"":""Other"",""quantity of item"":""1"",""condition"":""New""},{""condition"":""New"",""sold by"":""Prime Now LLC (seller profile)"",""quantity of item"":""1"",""supplied by"":""Other"",""item price"":""$5.39"",""item name"":""Bear Fruit Strawberry Rolls,0.7 Ounce,5 Ct""},{""condition"":""New"",""quantity of item"":""1"",""item name"":""organicgirl Organic True Hearts Butter Plus,4 oz"",""supplied by"":""Other"",""item price"":""$4.32"",""sold by"":""Prime Now LLC (seller profile)""},{""supplied by"":""Other"",""condition"":""New"",""sold by"":""Prime Now LLC (seller profile)"",""quantity of item"":""1"",""item name"":""LaCroix Sparkling Water, Pamplemousse (Grapefruit),12 Fl Oz (pack of 8)"",""item price"":""$4.19""},{""item price"":""$6.49"",""sold by"":""Prime Now LLC (seller profile)"",""item name"":""Kellogg's Frosted Mini-Wheats Cold Breakfast Cereal, High-Fiber, Whole Grain, Family Size, Strawberry,22oz Box (1 Box)"",""supplied by"":""Other"",""quantity of item"":""1"",""condition"":""New""},{""item price"":""$6.29"",""quantity of item"":""1"",""supplied by"":""Other"",""sold by"":""Prime Now LLC (seller profile)"",""condition"":""New"",""item name"":""Almond Breeze Unsweetened Vanilla Almondmilk""},{""item price"":""$5.99"",""condition"":""New"",""sold by"":""Prime Now LLC (seller profile)"",""item name"":""Oroweat Whole Grains 100% Whole Wheat Bread, Wheat Bread Free From Artificial Colors, Flavors and Preservatives,24 oz Loaf"",""quantity of item"":""1"",""supplied by"":""Other""},{""item price"":""$4.29"",""quantity of item"":""1"",""item name"":""365 by Whole Foods Market, Organic Strawberry Fruit Spread,17 Ounce"",""supplied by"":""Other"",""sold by"":""Prime Now LLC (seller profile)"",""condition"":""New""},{""sold by"":""Prime Now LLC (seller profile)"",""item price"":""$7.79"",""quantity of item"":""1"",""item name"":""Mezzetta Spanish Queen Olives, Imported Martini,10 Ounce"",""condition"":""New"",""supplied by"":""Other""},{""sold by"":""Prime Now LLC (seller profile)"",""condition"":""New"",""quantity of item"":""1"",""item name"":""Organic Mini Cucumbers,12 Oz"",""item price"":""$4.59"",""supplied by"":""Other""},{""quantity of item"":""1"",""sold by"":""Prime Now LLC (seller profile)"",""condition"":""New"",""supplied by"":""Other"",""item name"":""Berry Berry Kix Whole Grain Breakfast Cereal, Crispy Corn Cereal, Family Size, 18 oz"",""item price"":""$7.29""},{""item name"":""SkinnyPop Popcorn, Gluten Free, Dairy Free, Non-GMO, Healthy Snacks, Back to School Snack, Skinny Pop Original Popcorn Snack Packs, 0.65oz Individual Size Snack Bags (6 Count)"",""supplied by"":""Other"",""condition"":""New"",""sold by"":""Prime Now LLC (seller profile)"",""item price"":""$6.79"",""quantity of item"":""1""},{""sold by"":""Prime Now LLC (seller profile)"",""quantity of item"":""1"",""supplied by"":""Other"",""item name"":""San Luis Sourdough Bread, 8 Oz"",""condition"":""New"",""item price"":""$6.13""},{""item price"":""$5.29"",""item name"":""Thomas' Original English Muffins Plain 6 count, 13 Ounce"",""sold by"":""Prime Now LLC (seller profile)"",""condition"":""New"",""quantity of item"":""1"",""supplied by"":""Other""},{""item name"":""Early California, Ripe Pitted, Medium, Black Olives, 6 Ounce"",""supplied by"":""Other"",""quantity of item"":""1"",""sold by"":""Prime Now LLC (seller profile)"",""condition"":""New"",""item price"":""$2.79""},{""quantity of item"":""1"",""item price"":""$5.49"",""supplied by"":""Other"",""sold by"":""Prime Now LLC (seller profile)"",""item name"":""Earthbound Farm Organic Classic Caesar Salad Kit"",""condition"":""New""},{""quantity of item"":""1"",""sold by"":""Prime Now LLC (seller profile)"",""item name"":""Oroweat Double Fiber Bread, Baked with Simple Ingredients & Whole Wheat, 24 oz"",""supplied by"":""Other"",""item price"":""$5.88"",""condition"":""New""},{""sold by"":""Prime Now LLC (seller profile)"",""item price"":""$6.99"",""condition"":""New"",""item name"":""Heinz Tomato Ketchup (32 oz Bottle)"",""quantity of item"":""1"",""supplied by"":""Other""},{""supplied by"":""Other"",""quantity of item"":""1"",""item name"":""Daisy, Sour Cream, Light, 16 oz"",""item price"":""$3.19"",""condition"":""New"",""sold by"":""Prime Now LLC (seller profile)""},{""sold by"":null,""supplied by"":null,""quantity of item"":null,""item price"":""$0.41"",""condition"":null,""item name"":null},{""sold by"":null,""item name"":""Tip (optional)"",""condition"":null,""supplied by"":null,""item price"":""$7.00"",""quantity of item"":null},{""condition"":null,""item price"":""$124.61"",""sold by"":null,""supplied by"":null,""item name"":""Grand Total"",""quantity of item"":null},{""item name"":""Credit Card transactions Visa ending in 4734: August 7, 2023"",""item price"":""$7.00"",""quantity of item"":null,""supplied by"":null,""sold by"":null,""condition"":null},{""quantity of item"":null,""condition"":null,""item price"":""$117.61"",""sold by"":null,""supplied by"":null,""item name"":""Visa ending in 4734: August 6, 2023""}]",114-0050089-4626639,"August 6,2023","August 6,2023",$124.61,$112.85,$3.95
32,2023_08_06_amazon-whole foods-114-7490894-9272222.pdf_0,"[{""supplied by"":""Other"",""item price"":""$4.99"",""item name"":""Organic Strawberries, 1 Lb"",""condition"":""New"",""quantity of item"":""1"",""sold by"":""Whole Foods Market (seller profile)""},{""supplied by"":""Other"",""sold by"":""Whole Foods Market (seller profile)"",""item name"":""Organic Blueberries, 12 Oz"",""quantity of item"":""1"",""condition"":""New"",""item price"":""$3.79""},{""supplied by"":""Other"",""sold by"":""Whole Foods Market (seller profile)"",""item price"":""$5.99"",""item name"":""365 By Whole Foods Market, Ravioli Cheese Three, 9 Ounce"",""condition"":""New"",""quantity of item"":""2""},{""supplied by"":""Other"",""quantity of item"":""2 (2.13 lb)"",""item name"":""Organic Yellow Onion"",""condition"":""New"",""item price"":""($2.49/lb) $5.30"",""sold by"":""Whole Foods Market (seller profile)""},{""supplied by"":""Other"",""sold by"":""Whole Foods Market (seller profile)"",""condition"":""New"",""item name"":""Red Cherries, 1 Bag"",""quantity of item"":""2.43 lb"",""item price"":""($3.99/lb) $9.70""},{""sold by"":""Whole Foods Market (seller profile)"",""item name"":""365 by Whole Foods Market, Peanut Butter Pretzel Nuggets, 18 Ounce"",""supplied by"":""Other"",""condition"":""New"",""quantity of item"":""1"",""item price"":""$2.25""},{""condition"":""New"",""supplied by"":""Other"",""item price"":""($4.99/lb) $4.54"",""quantity of item"":""2 (0.91 lb)"",""sold by"":""Whole Foods Market (seller profile)"",""item name"":""Organic White Peach, 1 Each""},{""condition"":""New"",""item name"":""365 by Whole Foods Market, Organic Cannellini Beans, 15.5 Ounce"",""supplied by"":""Other"",""sold by"":""Whole Foods Market (seller profile)"",""item price"":""$1.79"",""quantity of item"":""1""},{""condition"":""New"",""quantity of item"":""1.62 lb"",""supplied by"":""Other"",""item price"":""($20.99/lb) $34.00"",""item name"":""Beef Ribeye Steak Boneless Pasture Raised Step 4"",""sold by"":""Whole Foods Market (seller profile)""},{""quantity of item"":""1"",""sold by"":""Whole Foods Market (seller profile)"",""condition"":""New"",""item name"":""Cedar's Foods, Cucumber Garlic Tzatziki, 12 oz"",""supplied by"":""Other"",""item price"":""$5.99""},{""item price"":""$6.99"",""sold by"":""Whole Foods Market (seller profile)"",""condition"":""New"",""quantity of item"":""1"",""item name"":""JUDYS Organic Extra Large Eggs,12 CT"",""supplied by"":""Other""},{""supplied by"":""Other"",""sold by"":""Whole Foods Market (seller profile)"",""item price"":""$5.99"",""item name"":""SMT San Merican Tomato, Crushed Tomatoes,28 oz"",""condition"":""New"",""quantity of item"":""1""},{""condition"":""New"",""item name"":""PRODUCE Pineapple Chunks Medium"",""quantity of item"":""1.11 lb"",""sold by"":""Whole Foods Market (seller profile)"",""supplied by"":""Other"",""item price"":""null""},{""supplied by"":""Other"",""condition"":""New"",""sold by"":""Whole Foods Market (seller profile)"",""item price"":""$5.49"",""item name"":""Organic Red Raspberries, 6 Oz"",""quantity of item"":""1""},{""supplied by"":""Other"",""item name"":""365 by Whole Foods Market, Tofu Firm Organic, 14 Ounce"",""quantity of item"":""1"",""sold by"":""Whole Foods Market (seller profile)"",""condition"":""New"",""item price"":""$2.99""},{""condition"":""New"",""quantity of item"":""1"",""sold by"":""Whole Foods Market (seller profile)"",""item price"":""null"",""item name"":""Organic Angel Sweet Grape Tomatoes, One pint"",""supplied by"":""Other""},{""quantity of item"":""1 (0.66 lb)"",""item name"":""Organic Red Onion"",""condition"":""New"",""supplied by"":""Other"",""sold by"":""Whole Foods Market (seller profile)"",""item price"":""($2.49/lb) $1.64""},{""sold by"":""Whole Foods Market (seller profile)"",""condition"":""New"",""quantity of item"":""4 (1.20 lb)"",""supplied by"":""Other"",""item name"":""Red Plum, Organic"",""item price"":""null""},{""condition"":""New"",""item name"":""Yellow Peach"",""sold by"":""Whole Foods Market (seller profile)"",""quantity of item"":""2 (1.53 lb)"",""supplied by"":""Other"",""item price"":""($2.99/lb) $4.57""},{""sold by"":""Whole Foods Market (seller profile)"",""item name"":""Organic Red Bell Pepper, 1 Each"",""supplied by"":""Other"",""quantity of item"":""2 (0.74 lb)"",""condition"":""New"",""item price"":""($3.99/lb) $2.95""},{""quantity of item"":""1"",""item price"":""$2.39"",""sold by"":""Whole Foods Market (seller profile)"",""supplied by"":""Other"",""item name"":""365 by Whole Foods Market, Organic Mini Pretzel Twists, 8 Ounce"",""condition"":""New""},{""condition"":""New"",""item price"":""$6.79"",""item name"":""Immaculate Baking Organic Flaky Biscuits, 8 Biscuits"",""supplied by"":""Other"",""quantity of item"":""1"",""sold by"":""Whole Foods Market (seller profile)""},{""quantity of item"":""2"",""item name"":""365 by Whole Foods Market, Ravioli Mushroom Organic,8 Ounce"",""item price"":""$4.99"",""sold by"":""Whole Foods Market (seller profile)"",""condition"":""New"",""supplied by"":""Other""},{""item name"":""Clover Sonoma, Organic 2% Reduced Fat Milk, 128 Fl. Oz"",""condition"":""New"",""supplied by"":""Other"",""sold by"":""Whole Foods Market (seller profile)"",""quantity of item"":""1"",""item price"":""$9.29""},{""quantity of item"":""1"",""item name"":""NATIERRA Organic Freeze Dried Srawberries, 0.8 OZ"",""item price"":""$8.29"",""supplied by"":""Other"",""condition"":""New"",""sold by"":""Whole Foods Market (seller profile)""},{""item name"":""NATIERRA Organic Freeze Dried Srawberries, 0.8 OZ"",""supplied by"":""Other"",""item price"":""$8.29"",""sold by"":""Whole Foods Market (seller profile)"",""condition"":""New"",""quantity of item"":""1""},{""supplied by"":""Other"",""item price"":""$3.49"",""item name"":""365 by Whole Foods Market, Carrot Baby Peeled Bag, 32 Ounce"",""quantity of item"":""1"",""sold by"":""Whole Foods Market (seller profile)"",""condition"":""New""},{""quantity of item"":""1"",""supplied by"":""Other"",""item name"":""365 by Whole Foods Market Organic Sliced Colby Jack, 8 OZ"",""sold by"":""Whole Foods Market (seller profile)"",""item price"":""$5.99"",""condition"":""New""},{""quantity of item"":""1"",""item name"":""365 by Whole Foods Market, Sauce Tomato Organic, 8 Ounce"",""supplied by"":""Other"",""sold by"":""Whole Foods Market (seller profile)"",""condition"":""New"",""item price"":""$1.19""},{""item price"":""$1.79"",""supplied by"":""Other"",""item name"":""365 by Whole Foods Market, Organic Dark Red Kidney Beans, 15.5 Ounce"",""quantity of item"":""1"",""condition"":""New"",""sold by"":""Whole Foods Market (seller profile)""},{""condition"":""New"",""sold by"":""Whole Foods Market (seller profile)"",""item name"":""365 by Whole Foods Market, Mango Slices Organic, 8 Ounce"",""quantity of item"":""1"",""supplied by"":""Other"",""item price"":""$7.39""},{""quantity of item"":""2"",""item price"":""$9.89"",""sold by"":""Whole Foods Market (seller profile)"",""supplied by"":""Other"",""condition"":""New""},{""condition"":""New"",""quantity of item"":""1"",""item price"":""$1.79"",""sold by"":""Whole Foods Market (seller profile)"",""supplied by"":""Other"",""item name"":""365 by Whole Foods Market, Beans Black Organic, 15 Ounce""},{""condition"":""New"",""item name"":""Organic Banana"",""supplied by"":""Other"",""quantity of item"":""6 (2.33 lb)"",""item price"":""($0.99/lb) $2.31"",""sold by"":""Whole Foods Market (seller profile)""},{""sold by"":""Whole Foods Market (seller profile)"",""supplied by"":""Other"",""item name"":""FAGE Total Greek Yogurt, 0% Nonfat, Plain, 32 oz"",""condition"":""New"",""quantity of item"":""1"",""item price"":""$7.69""},{""item price"":""$3.99"",""condition"":""New"",""sold by"":""Whole Foods Market (seller profile)"",""supplied by"":""Other"",""item name"":""365 by Whole Foods Market, Garlic Peeled 6Oz Organic, 6 Ounce"",""quantity of item"":""1""},{""supplied by"":""Other"",""item name"":""Organic   Blackberries,   6  Oz"",""quantity of item"":""1"",""condition"":""New"",""sold by"":""Whole Foods Market (seller profile)"",""item price"":""$5.29""}]",114-7490894-9272222,"August 6,2023","August 6, 2023",$246.07,$246.07,$9.95
33,2023_08_20_amazon-whole foods-114-2414577-6179405.pdf_0,"[{""item name"":""Chobani\u00ae Low-Fat Vanilla Greek Yogurt, Mixed Berry on the Bottom 5.3oz 4-pack"",""sold by"":""Prime Now LLC (seller profile)"",""item price"":""$5.49"",""supplied by"":""Other"",""condition"":""New"",""quantity of item"":""1""},{""condition"":""New"",""item name"":""Thomas' Plain Soft & Chewy Pre-Sliced Bagels, 6 count, 3.35 Oz"",""quantity of item"":""1"",""sold by"":""Prime Now LLC (seller profile)"",""supplied by"":""Other"",""item price"":""$5.49""},{""condition"":""New"",""item name"":""Earthbound Farm Organic Classic Caesar Salad Kit"",""quantity of item"":""1"",""sold by"":""Prime Now LLC (seller profile)"",""item price"":""$4.99"",""supplied by"":""Other""},{""supplied by"":""Other"",""quantity of item"":""1"",""sold by"":""Prime Now LLC (seller profile)"",""item price"":""$8.69"",""condition"":""New"",""item name"":""Mahatma Authentic Aromatic Thai Jasmine White Rice, Gluten Free, Non-GMO, Vegan, 5 lb, 80 Oz""},{""quantity of item"":""1"",""sold by"":""Prime Now LLC (seller profile)"",""item name"":""Mission Soft Taco Flour Tortillas, Medium Size, 10 Count, Trans Fat Free"",""item price"":""$3.79"",""supplied by"":""Other"",""condition"":""New""},{""condition"":""New"",""sold by"":""Prime Now LLC (seller profile)"",""quantity of item"":""1"",""item name"":""Early California, Ripe Pitted, Medium, Black Olives, 6 Ounce"",""supplied by"":""Other"",""item price"":""$2.79""},{""quantity of item"":""1"",""item price"":""$5.49"",""supplied by"":""Other"",""condition"":""New"",""sold by"":""Prime Now LLC (seller profile)"",""item name"":""Thomas' Original English Muffins Plain 6 count, 13 Ounce""},{""sold by"":""Prime Now LLC (seller profile)"",""quantity of item"":""1"",""item name"":""365 by Whole Foods Market Organic Sliced Colby Jack, 8 OZ"",""supplied by"":""Other"",""condition"":""New"",""item price"":""$5.99""},{""item price"":""$7.29"",""supplied by"":""Other"",""condition"":""New"",""item name"":""Pepperidge Farm Puff Pastry Frozen Pastry Dough Sheets, 2-Count, 17.3 Oz. Box"",""sold by"":""Prime Now LLC (seller profile)"",""quantity of item"":""1""},{""condition"":null,""item price"":""$4.19"",""quantity of item"":""1"",""item name"":""LaCroix Sparkling Water, Pamplemousse (Grapefruit), 12 Fl Oz (pack of 8)"",""sold by"":""Prime Now LLC (seller profile)"",""supplied by"":""Other""},{""item price"":""$4.79"",""supplied by"":""Other"",""item name"":""Tillamook Medium Cheddar Cheese Block,8oz"",""sold by"":""Prime Now LLC (seller profile)"",""condition"":""New"",""quantity of item"":""1""},{""item price"":""$5.69"",""quantity of item"":""1"",""condition"":""New"",""supplied by"":""Other"",""item name"":""Mission Carb Balance Soft Taco Flour Tortillas,8 Count, Low Carb, Keto, High Fiber, No Sugar"",""sold by"":""Prime Now LLC (seller profile)""}]",114-2414577-6179405,"August 20,2023","August 20,2023",$76.47,$64.68,$6.95
34,2023_08_20_amazon-whole foods-114-3540162-9489804.pdf_0,"[{""item name"":""365 by Whole Foods Market, Organic Garlic, 3 Count"",""supplied by"":""Other"",""sold by"":""Whole Foods Market (seller profile)"",""condition"":""New"",""quantity of item"":""1"",""item price"":""$2.69""},{""item name"":""Organicgirl Organic Romaine Heart Leaves, 7 oz"",""quantity of item"":""1"",""item price"":""$4.39"",""condition"":""New"",""supplied by"":""Other"",""sold by"":""Whole Foods Market (seller profile)""},{""sold by"":""Whole Foods Market (seller profile)"",""quantity of item"":""1"",""item name"":""FAGE Total Greek Yogurt, 0% Nonfat, Plain, 16 oz"",""condition"":""New"",""supplied by"":""Other"",""item price"":""$4.49""},{""quantity of item"":""2"",""condition"":""New"",""supplied by"":""Other"",""item price"":""$9.89"",""sold by"":""Whole Foods Market (seller profile)""},{""sold by"":""Whole Foods Market (seller profile)"",""item price"":""($17.99/lb) $26.45"",""supplied by"":""Other"",""condition"":""New"",""quantity of item"":""1.47 Ib"",""item name"":""Beef Loin Flank Steak Pasture Raised Step 4""},{""quantity of item"":""2 (1.40 lb)"",""item name"":""Organic Yellow Onion"",""item price"":""($2.49/lb) $3.49"",""condition"":""New"",""sold by"":""Whole Foods Market (seller profile)"",""supplied by"":""Other""},{""condition"":""New"",""item name"":""NATIERRA Organic Freeze Dried Srawberries, 0.8 OZ"",""item price"":""$8.29"",""supplied by"":""Other"",""sold by"":""Whole Foods Market (seller profile)"",""quantity of item"":""1""},{""item price"":""$4.99"",""sold by"":""Whole Foods Market (seller profile)"",""item name"":""Organic Angel Sweet Grape Tomatoes, One pint"",""condition"":""New"",""quantity of item"":""1"",""supplied by"":""Other""},{""supplied by"":""Other"",""item name"":""365 by Whole Foods Market, Tofu Firm Organic, 14 Ounce"",""quantity of item"":""1"",""sold by"":""Whole Foods Market (seller profile)"",""condition"":""New"",""item price"":""$2.99""},{""condition"":null,""sold by"":""Whole Foods Market (seller profile)"",""item price"":null,""quantity of item"":""1"",""supplied by"":""Other"",""item name"":""JUDYS Organic Extra Large Eggs, 12 CT""}]",114-3540162-9489804,"August 20,2023","August 20,2023",$99.50,$84.55,$9.95
35,2023_08_27_amazon-fresh-111-1618372-5705823.pdf_0,"[{""supplied by"":""Other"",""item name"":""Glad ForceFlex Protection Series, Tall Kitchen Trash Bags,13 Gal, Fresh Clean with Febreze,110 Count (Packaging May Vary)"",""condition"":""New"",""item price"":""$21.98"",""quantity of item"":""1"",""sold by"":""Amazon.com Services, Inc""}]",111-1618372-5705823,"August 27,2023","August 27,2023",$23.88,$21.98,$0.00
36,2023_08_27_amazon-fresh-114-6153429-1030602.pdf_0,"[{""quantity of item"":""1"",""condition"":""New"",""item name"":""Kellogg's Frosted Mini-Wheats Cold Breakfast Cereal, High-Fiber, Whole Grain, Family Size, Strawberry, 22oz Box (1 Box)"",""supplied by"":""Other"",""item price"":""$5.99"",""sold by"":""Prime Now LLC (seller profile)""},{""item name"":""Early California, Ripe Pitted, Medium, Black Olives, 6 Ounce"",""item price"":""$2.79"",""sold by"":""Prime Now LLC (seller profile)"",""quantity of item"":""1"",""condition"":""New"",""supplied by"":""Other""},{""sold by"":""Prime Now LLC (seller profile)"",""condition"":""New"",""item price"":""$4.59"",""quantity of item"":""2"",""supplied by"":""Other"",""item name"":""organicgirl Organic True Hearts Butter Plus, 4 oz""},{""sold by"":""Prime Now LLC (seller profile)"",""condition"":""New"",""quantity of item"":""1"",""item name"":""Berry Berry Kix Whole Grain Breakfast Cereal, Crispy Corn Cereal, Family Size, 18 oz"",""supplied by"":""Other"",""item price"":""$7.29""},{""quantity of item"":""1"",""sold by"":""Prime Now LLC (seller profile)"",""item price"":""$5.99"",""condition"":""New"",""supplied by"":""Other"",""item name"":""Annie's Ready to Bake Flaky Biscuits, Certified organic, 16 oz, 8 ct""},{""sold by"":""Prime Now LLC (seller profile)"",""item name"":""Goldfish Crackers Big Smiles Variety Pack with Cheddar, Colors, and Pretzels, Snack Packs, 30 Ct"",""supplied by"":""Other"",""condition"":""New"",""quantity of item"":""1"",""item price"":""$14.79""},{""supplied by"":""Other"",""item price"":""$12.79"",""quantity of item"":""2"",""condition"":""New"",""sold by"":""Prime Now LLC (seller profile)""},{""sold by"":""Prime Now LLC (seller profile)"",""supplied by"":""Other"",""condition"":""New"",""quantity of item"":""1"",""item price"":""$5.29"",""item name"":""Bear Fruit Strawberry Rolls, 0.7 Ounce, 5 Ct""},{""item name"":""Thomas' Original English Muffins Plain 6 count, 13 Ounce"",""sold by"":""Prime Now LLC (seller profile)"",""item price"":""$5.49"",""supplied by"":""Other"",""condition"":""New"",""quantity of item"":""1""},{""quantity of item"":""1"",""item name"":""SkinnyPop Popcorn, Gluten Free, Dairy Free, Non-GMO, Healthy Snacks, Back to School Snack, Skinny Pop Original Popcorn Snack Packs, 0.65oz Individual Size Snack Bags (6 Count)"",""item price"":""$6.69"",""supplied by"":""null"",""sold by"":""Prime Now LLC (seller profile)"",""condition"":""null""},{""condition"":""New"",""item name"":""Sweet Baby Rays Barbecue Sauce, Original,28 oz"",""quantity of item"":""1"",""supplied by"":""Other"",""sold by"":""Prime Now LLC (seller profile)"",""item price"":""$4.79""},{""supplied by"":""Other"",""item name"":""FAGE Total Greek Yogurt,0% Nonfat, Plain,32 oz"",""condition"":""New"",""sold by"":""Prime Now LLC (seller profile)"",""quantity of item"":""2"",""item price"":""$7.79""},{""supplied by"":""Other"",""item price"":""$4.99"",""sold by"":""Prime Now LLC (seller profile)"",""item name"":""Earthbound Farm Organic Classic Caesar Salad Kit"",""condition"":""New"",""quantity of item"":""1""},{""item name"":""Organic Red Bell Pepper,1 Each"",""condition"":""New"",""sold by"":""Prime Now LLC (seller profile)"",""item price"":""$2.59"",""quantity of item"":""1"",""supplied by"":""Other""}]",114-6153429-1030602,"August 27,2023","August 27,2023",$124.03,$117.03,$0.00
37,2023_08_27_amazon-whole foods-114-9863000-3635423.pdf_0,"[{""item name"":""Whole Foods Market Brioche Wheat Hamburger Buns, 6 Ct"",""supplied by"":""Other"",""quantity of item"":""1"",""condition"":""New"",""item price"":""$6.99"",""sold by"":""Whole Foods Market (seller profile)""},{""item name"":""365 by Whole Foods Market, Organic Tomato Sauce, 15 Ounce"",""supplied by"":""Other"",""item price"":""$2.29"",""quantity of item"":""1"",""condition"":""New"",""sold by"":""Whole Foods Market (seller profile)""},{""condition"":""New"",""sold by"":""Whole Foods Market (seller profile)"",""item price"":""$4.31"",""supplied by"":""Other"",""quantity of item"":""1"",""item name"":""365 by Whole Foods Market Organic Sliced Colby Jack, 8 OZ""},{""item price"":""$17.69"",""condition"":""New"",""quantity of item"":""1.61 lb"",""supplied by"":""Other"",""item name"":""Mary's Chicken, Chicken Breast Boneless Skinless Air Chilled Tray Pack Organic Step 3"",""sold by"":""Whole Foods Market (seller profile)""},{""item name"":""NEERAS Tamarind Concentrate, 5 OZ"",""supplied by"":""Other"",""sold by"":""Whole Foods Market (seller profile)"",""item price"":""$7.39"",""quantity of item"":""1"",""condition"":""New""},{""item name"":""365 by Whole Foods Market, Organic Dark Red Kidney Beans, 15.5 Ounce"",""sold by"":""Whole Foods Market (seller profile)"",""condition"":""New"",""supplied by"":""Other"",""quantity of item"":""1"",""item price"":""$1.79""},{""condition"":""New"",""supplied by"":""Other"",""quantity of item"":""0.35 lb"",""sold by"":""Whole Foods Market (seller profile)"",""item price"":""$2.10"",""item name"":""Organic Ginger Root""},{""item price"":""$10.99"",""condition"":""New"",""supplied by"":""Other"",""quantity of item"":""1"",""sold by"":""Whole Foods Market (seller profile)"",""item name"":""Diestel, Fresh 99%/1% Organic Ground Turkey Breast, 1 lb""},{""item name"":""Tillamook Medium Cheddar Cheese Block, 2lb"",""quantity of item"":""1"",""item price"":""$15.99"",""condition"":""New"",""supplied by"":""Other"",""sold by"":""Whole Foods Market (seller profile)""},{""item price"":""$2.99"",""condition"":""New"",""quantity of item"":""1"",""item name"":""365 by Whole Foods Market, Tofu Firm Organic, 14 Ounce"",""supplied by"":""Other"",""sold by"":""Whole Foods Market (seller profile)""},{""supplied by"":""Other"",""item price"":""$9.99"",""quantity of item"":""1"",""sold by"":""Whole Foods Market (seller profile)"",""item name"":""Rao's Homemade Marinara Sauce,24 oz, All Purpose Tomato Sauce, Pasta Sauce, Carb Conscious, Keto Friendly, All Natural, Premium Quality, With Italian Tomatoes & Olive Oil"",""condition"":""New""},{""sold by"":""Whole Foods Market (seller profile)"",""item price"":""$1.79"",""supplied by"":""Other"",""quantity of item"":""1"",""item name"":""365 by Whole Foods Market, Organic Cannellini Beans,15.5 Ounce"",""condition"":""New""},{""sold by"":""Whole Foods Market (seller profile)"",""item name"":""365 by Whole Foods Market, Beans Black Organic,15 Ounce"",""quantity of item"":""1"",""condition"":""New"",""supplied by"":""Other"",""item price"":""$1.79""},{""quantity of item"":""1"",""item name"":""SIMPLY ORANGE Simply Orange Pulp Free Orange Juice 11.5Oz,11.5 oz"",""supplied by"":""Other"",""item price"":""$1.35"",""sold by"":""Whole Foods Market (seller profile)"",""condition"":""New""},{""supplied by"":""Other"",""item name"":""365 by Whole Foods Market, Garlic Peeled 6Oz Organic,6 Ounce"",""quantity of item"":""1"",""item price"":""$3.99"",""condition"":""New"",""sold by"":""Whole Foods Market (seller profile)""},{""sold by"":""Whole Foods Market (seller profile)"",""item name"":""Shallot,1 Each"",""supplied by"":""Other"",""quantity of item"":""0.22 lb"",""item price"":""$0.88"",""condition"":""New""},{""item price"":""$5.99"",""condition"":""New"",""sold by"":""Whole Foods Market (seller profile)"",""item name"":""SMT San Merican Tomato, Crushed Tomatoes,28 oz"",""quantity of item"":""1"",""supplied by"":""Other""},{""item price"":""$5.99"",""condition"":""New"",""quantity of item"":""1"",""supplied by"":""Other"",""item name"":""Flour and Water Organic Bronze Die Cut Spaghetti,16 OZ"",""sold by"":""Whole Foods Market (seller profile)""}]",114-9863000-3635423,"August 27,2023","August 27,2023",$121.30,$104.30,$9.95
38,2023_09_04_amazon-whole foods-114-8866560-4829056.pdf_0,"[{""item name"":""Clover Sonoma, Organic 2% Reduced Fat Milk, 128 Fl. Oz"",""supplied by"":""Other"",""condition"":""New"",""sold by"":""Whole Foods Market (seller profile)"",""item price"":""$9.29"",""quantity of item"":""1""},{""item price"":""$2.99"",""item name"":""365 by Whole Foods Market, Tofu Firm Organic, 14 Ounce"",""quantity of item"":""1"",""sold by"":""Whole Foods Market (seller profile)"",""supplied by"":""Other"",""condition"":""New""},{""sold by"":""Whole Foods Market (seller profile)"",""quantity of item"":""2"",""supplied by"":""Other"",""item name"":""Organic Salad Clam Butter Plus, 4 Ounce"",""condition"":""New"",""item price"":""$4.39""},{""quantity of item"":""1"",""item name"":""JUDYS Organic Extra Large Eggs, 12 CT"",""item price"":""$6.99"",""condition"":""New"",""supplied by"":""Other"",""sold by"":""Whole Foods Market (seller profile)""},{""sold by"":""Whole Foods Market (seller profile)"",""supplied by"":""Other"",""item name"":""Organic Angel Sweet Grape Tomatoes, One pint"",""quantity of item"":""1"",""item price"":""$4.99"",""condition"":""New""},{""quantity of item"":""1"",""supplied by"":""Other"",""sold by"":""Whole Foods Market (seller profile)"",""item price"":""$4.31"",""condition"":""New"",""item name"":""365 by Whole Foods Market Organic Sliced Colby Jack, 8 OZ""},{""supplied by"":""Other"",""quantity of item"":""1"",""condition"":""New"",""item price"":""$5.93"",""sold by"":""Whole Foods Market (seller profile)"",""item name"":""Pirate's Booty Aged White Cheddar Cheese Puffs 6ct, 1oz Individual Snack Size Bags, Gluten Free, Healthy Kids Snacks""},{""item name"":""FAGE Total Greek Yogurt, 0% Nonfat, Plain, 32 oz"",""supplied by"":""Other"",""quantity of item"":""1"",""sold by"":""Whole Foods Market (seller profile)"",""item price"":""$7.49"",""condition"":null}]",114-8866560-4829056,"September 4,2023","September 4,2023",$65.72,$50.77,$9.95
39,2023_09_10_amazon-fresh-114-8438108-2435461.pdf_0,"[{""item name"":""Navitas Organics Superfood Power Snacks, Cacao Goji, 8 oz. Bag, 11 Servings - Organic, Non-GMO, Gluten-Free"",""supplied by"":""Other"",""sold by"":""Prime Now LLC (seller profile)"",""quantity of item"":""1"",""condition"":""New"",""item price"":""$10.79""},{""quantity of item"":""1"",""condition"":""New"",""item name"":""Wheat Thins Hint Of Salt Whole Grain Low Sodium Crackers, 8.5 Oz, 1Count"",""item price"":""$4.99"",""sold by"":""Prime Now LLC (seller profile)"",""supplied by"":""Other""},{""item price"":""$10.29"",""item name"":""Columbus, Sliced Italian Dry Salame, 12 oz"",""supplied by"":""Other"",""quantity of item"":""1"",""condition"":""New"",""sold by"":""Prime Now LLC (seller profile)""},{""sold by"":""Prime Now LLC (seller profile)"",""item price"":""$5.29"",""supplied by"":""Other"",""quantity of item"":""1"",""condition"":""New"",""item name"":""Oroweat Double Fiber Bread, Baked with Simple Ingredients & Whole Wheat, 24 oz""},{""item name"":""Campbell's Condensed 98% Fat Free Cream of Mushroom Soup, 10.5 Ounce Can"",""condition"":""New"",""supplied by"":""Other"",""quantity of item"":""1"",""item price"":""$2.29"",""sold by"":""Prime Now LLC (seller profile)""},{""quantity of item"":""1"",""condition"":""New"",""item name"":""Daisy, Sour Cream, Light, 16 oz"",""supplied by"":""Other"",""item price"":""$2.99"",""sold by"":""Prime Now LLC (seller profile)""},{""condition"":""New"",""supplied by"":""Other"",""quantity of item"":""1"",""item name"":""Sunbutter Organic Sunbutter, 16 oz"",""item price"":""$10.29"",""sold by"":""Prime Now LLC (seller profile)""},{""item name"":""Oroweat Whole Grains 100% Whole Wheat Bread, Wheat Bread Free From Artificial Colors, Flavors and Preservatives, 24 oz Loaf"",""condition"":""New"",""supplied by"":""Other"",""item price"":""$5.69"",""sold by"":""Prime Now LLC (seller profile)"",""quantity of item"":""1""},{""sold by"":""Prime Now LLC (seller profile)"",""item name"":""Snack Mates by The New Primal, Turkey Stick, All-Natural Turkey, High Protein and Low Sugar Kids Snack, Certified Paleo, Certified Gluten-Free, Lunchbox Friendly, 0.5 oz, Pack of 5"",""item price"":""$6.69"",""condition"":""New"",""supplied by"":""Other"",""quantity of item"":""1""}]",114-8438108-2435461,"September  10,2023","September 10, 2023",$71.26,$59.31,$6.95
40,2023_09_10_amazon-whole foods-114-3042673-8653031.pdf_0,"[{""quantity of item"":""1.13 lb"",""item name"":""Organic Orange Bell Pepper, 1 Each"",""item price"":""($4.49/lb)"",""condition"":""New"",""sold by"":""Whole Foods Market (seller profile)"",""supplied by"":""Other""},{""supplied by"":""Other"",""item price"":null,""sold by"":""Whole Foods Market (seller profile)"",""quantity of item"":""1"",""item name"":""Bear Yoyo Fruit Roll Raspberry Multipack, 3.5 oz"",""condition"":""New""},{""item name"":""365 by Whole Foods Market, Organic Unsweetened Apple Sauce, 24 Ounce"",""condition"":""New"",""sold by"":""Whole Foods Market (seller profile)"",""supplied by"":""Other"",""quantity of item"":""1"",""item price"":null},{""condition"":""New"",""supplied by"":""Other"",""item name"":""Organic Red Raspberries, 6 Oz"",""sold by"":""Whole Foods Market (seller profile)"",""item price"":null,""quantity of item"":""1""},{""sold by"":""Whole Foods Market (seller profile)"",""condition"":""New"",""supplied by"":""Other"",""quantity of item"":""1"",""item name"":""Snack Mates by The New Primal, Chicken & Maple Stick, All-Natural Chicken, High Protein and Low Sugar Kids Snack, Certified Paleo, Certified Gluten-Free, Lunchbox Friendly, 0.5 oz, Pack of 5"",""item price"":null},{""quantity of item"":""1.32 lb"",""item price"":""($1.49/lb)"",""condition"":""New"",""sold by"":""Whole Foods Market (seller profile)"",""item name"":""Organic Butternut Squash, 1 Each"",""supplied by"":""Other""},{""quantity of item"":""4"",""item name"":""Artichoke Organic, 1 Each"",""supplied by"":""Other"",""item price"":null,""sold by"":""Whole Foods Market (seller profile)"",""condition"":""New""},{""condition"":""New"",""supplied by"":""Other"",""sold by"":""Whole Foods Market (seller profile)"",""item name"":""Pirate's Booty Aged White Cheddar Cheese Puffs 6ct, 1oz Individual Snack Size Bags, Gluten Free, Healthy Kids Snacks"",""item price"":null,""quantity of item"":""1""},{""sold by"":""Whole Foods Market (seller profile)"",""item price"":null,""quantity of item"":""1"",""item name"":""365 by Whole Foods Market, Colby Jack Stick, 6 Ounce"",""supplied by"":""Other"",""condition"":""New""},{""sold by"":""Whole Foods Market (seller profile)"",""item price"":null,""condition"":""New"",""item name"":""Organic Blackberries,6 Oz"",""quantity of item"":""1"",""supplied by"":""Other""},{""sold by"":""Whole Foods Market (seller profile)"",""condition"":""New"",""supplied by"":""Other"",""item name"":""JUDYS Organic Extra Large Grade AA Eggs, 12 CT"",""quantity of item"":""1"",""item price"":null},{""item name"":""Large Organic Hass Avocado"",""condition"":""New"",""quantity of item"":""1"",""item price"":null,""supplied by"":""Other"",""sold by"":""Whole Foods Market (seller profile)""},{""item price"":null,""item name"":""HANA FRESH Organic French Beans, 16 OZ"",""sold by"":""Whole Foods Market (seller profile)"",""condition"":""New"",""quantity of item"":""1"",""supplied by"":""Other""},{""supplied by"":""Other"",""quantity of item"":""2.23 lb"",""item name"":""Organic Green Seedless Grapes"",""condition"":""New"",""sold by"":""Whole Foods Market (seller profile)"",""item price"":""($3.99/lb)""},{""condition"":""New"",""supplied by"":""Other"",""item price"":null,""quantity of item"":""1"",""sold by"":""Whole Foods Market (seller profile)"",""item name"":""365 by Whole Foods Market, Oven-Roasted Turkey Breast Deli Slices, Value Pack, 98% Lean, 14 Ounce""},{""sold by"":""Whole Foods Market (seller profile)"",""supplied by"":""Other"",""quantity of item"":""1.49 lb"",""condition"":""New"",""item name"":""Organic Banana"",""item price"":""($0.99/lb)""},{""supplied by"":""Other"",""quantity of item"":""1"",""item name"":""365 by Whole Foods Market, Baby Bella Sliced Mushrooms, 8 Ounce"",""sold by"":""Whole Foods Market (seller profile)"",""item price"":null,""condition"":""New""},{""condition"":""New"",""sold by"":""Whole Foods Market (seller profile)"",""item name"":""Organic Broccoli, 1 Each"",""quantity of item"":""1.13 lb"",""supplied by"":""Other"",""item price"":""($3.99/lb)""},{""item price"":null,""item name"":""Skinny Popcorn White Cheddar Snack Packs, Halloween Snacks for Kids, 0.65 Oz, 6 Count"",""quantity of item"":""1"",""sold by"":""Whole Foods Market (seller profile)"",""supplied by"":""Other"",""condition"":""New""},{""item price"":null,""item name"":""Nature's Bakery Raspberry Fig Bars, 2 Oz, 6 Ct"",""sold by"":""Whole Foods Market (seller profile)"",""condition"":""New"",""quantity of item"":""1"",""supplied by"":""Other""},{""supplied by"":""Other"",""condition"":""New"",""sold by"":""Whole Foods Market (seller profile)"",""quantity of item"":""1"",""item name"":""Organic Strawberries, 1 Lb"",""item price"":null},{""condition"":""New"",""sold by"":""Whole Foods Market (seller profile)"",""quantity of item"":""3.20 lb"",""item price"":""($7.49/lb)"",""supplied by"":""Other"",""item name"":""365 by Whole Foods Market, Chicken Thigh Boneless Skinless Value Pack Organic Step 3""},{""sold by"":""Whole Foods Market (seller profile)"",""condition"":""New"",""quantity of item"":""1"",""supplied by"":""Other"",""item name"":""gimMe    -Sea   Salt-   Organic   Roasted   Seaweed     Sheets   -Keto,   Vegan,   Gluten   Free  -Great    Source   of Iodine  &  Omega 3's-  Healthy   On-The-Go     Snack   for Kids  Adults   6 Count(   Pack  of  1)"",""item price"":null},{""item name"":""gimMe -Sea Salt- Organic Roasted Seaweed Sheets -Keto, Vegan, Gluten Free -Great Source of Iodine & Omega 3's- Healthy On-The-Go Snack for Kids Adults 6 Count( Pack of 1)"",""sold by"":""Whole Foods Market (seller profile)"",""quantity of item"":""3"",""supplied by"":""Other"",""condition"":""New"",""item price"":""$142.39""}]",114-3042673-8653031,"September 10,2023","September 10,2023",$162.34,$142.39,$9.95
41,2023_09_14_amazon-whole foods-113-1546356-5649036.pdf_0,"[{""item name"":""Abe's,  Vegan   Lemon    Poppy    Mini Muffins,12     Pack"",""supplied by"":""Other"",""quantity of item"":""2"",""item price"":""$6.99"",""sold by"":""Whole Foods Market (seller profile)"",""condition"":""New""},{""supplied by"":""Other"",""item price"":""$6.99"",""sold by"":""Whole Foods Market (seller profile)"",""item name"":""Abe's,  Mini  Vegan   Blueberry    Muffins,12    Count"",""condition"":""New"",""quantity of item"":""2""}]",113-1546356-5649036,"September 14,2023","September 14,2023",$42.91,$27.96,$9.95
42,2023_09_24_amazon-fresh-114-9539038-0274610.pdf_0,"[{""supplied by"":""Other"",""sold by"":""Prime Now LLC (seller profile)"",""item name"":""Kellogg's Raisin Bran Breakfast Cereal, High Fiber Cereal, Made with Real Fruit, Family Size, Original, 24oz Box (1 Box)"",""quantity of item"":""2"",""condition"":""New"",""item price"":""$7.79""},{""condition"":""New"",""sold by"":""Prime Now LLC (seller profile)"",""item name"":""Snack Mates by The New Primal, Turkey Stick, All-Natural Turkey, High Protein and Low Sugar Kids Snack, Certified Paleo, Certified Gluten-Free, Lunchbox Friendly, 0.5 oz, Pack of 5"",""item price"":""$5.99"",""quantity of item"":""1"",""supplied by"":""Other""},{""item price"":""$4.39"",""quantity of item"":""2"",""sold by"":""Prime Now LLC (seller profile)"",""condition"":""New"",""supplied by"":""Other"",""item name"":""organicgirl Organic True Hearts Butter Plus, 4 oz""},{""supplied by"":""Other"",""quantity of item"":""1"",""item price"":""$5.49"",""sold by"":""Prime Now LLC (seller profile)"",""condition"":""New"",""item name"":""Thomas' Plain Soft & Chewy Pre-Sliced Bagels, 6 count, 3.35 Oz""},{""supplied by"":""Other"",""item price"":""$12.79"",""condition"":""New"",""sold by"":""Prime Now LLC (seller profile)"",""quantity of item"":""2""},{""supplied by"":""Other"",""sold by"":""Prime Now LLC (seller profile)"",""item price"":""$7.49"",""quantity of item"":""1"",""condition"":""New"",""item name"":""Santa Cruz Organic, Dark Roasted Peanut Butter, Creamy, Organic, 16 Ounce""},{""sold by"":""Prime Now LLC (seller profile)"",""quantity of item"":""1"",""condition"":""New"",""supplied by"":""Other"",""item name"":""Snack Mates by The New Primal, Chicken & Maple Stick, All-Natural Chicken, High Protein and Low Sugar Kids Snack, Certified Paleo, Certified Gluten-Free, Lunchbox Friendly, 0.5 oz, Pack of 5"",""item price"":""$5.79""},{""supplied by"":""Other"",""condition"":""New"",""item price"":""$5.35"",""quantity of item"":""1"",""item name"":""Thomas' Original English Muffins Plain 6 count, 13 Ounce"",""sold by"":""Prime Now LLC (seller profile)""}]",114-9539038-0274610,"September  24,2023","September       24,2023",$94.00,$80.05,$6.95
43,2023_09_24_amazon-whole foods-114-8336546-9185862.pdf_0,"[{""item price"":""$6.79"",""quantity of item"":""1 of"",""supplied by"":""Other"",""item name"":""NATIERRA Nature's All Foods Organic Freeze-Dried Mangoes | Non-GMO & Vegan | 1.5 Ounce"",""condition"":""New"",""sold by"":""Whole Foods Market (seller profile)""},{""quantity of item"":""0.40 lb of"",""item price"":""($4.50/lb) $1.80"",""sold by"":""Whole Foods Market (seller profile)"",""condition"":""New"",""supplied by"":""Other"",""item name"":""Organic Yellow Bell Pepper, 1 Each""},{""quantity of item"":""1 of"",""item name"":""Large Organic Hass Avocado"",""supplied by"":""Other"",""condition"":""New"",""sold by"":""Whole Foods Market (seller profile)"",""item price"":""$2.99""},{""sold by"":""Whole Foods Market (seller profile)"",""item price"":""$3.29"",""quantity of item"":""1 of"",""supplied by"":""Other"",""item name"":""365 by Whole Foods Market, Tofu Firm Organic, 14 Ounce"",""condition"":""New""},{""supplied by"":""Other"",""item name"":""Skinny Popcorn White Cheddar Snack Packs, Halloween Snacks for Kids, 0.65 Oz, 6 Count"",""sold by"":""Whole Foods Market (seller profile)"",""item price"":""$7.49"",""condition"":""New"",""quantity of item"":""1 of""},{""item name"":""Pork Loin Chop Bone-In Organic Step 1"",""sold by"":""Whole Foods Market (seller profile)"",""item price"":""($9.99/lb) $19.88"",""supplied by"":""Other"",""quantity of item"":""1.99 lb of"",""condition"":""New""},{""supplied by"":""Other"",""quantity of item"":""5 (1.98 lb) of"",""item name"":""Organic Banana"",""sold by"":""Whole Foods Market (seller profile)"",""item price"":""($0.99/lb) $1.96"",""condition"":""New""},{""condition"":""New"",""supplied by"":""Other"",""sold by"":""Whole Foods Market (seller profile)"",""quantity of item"":""1 of"",""item price"":""$3.79"",""item name"":""365 by Whole Foods Market, Organic Unsweetened Apple Sauce, 24 Ounce""},{""condition"":""New"",""sold by"":""Whole Foods Market (seller profile)"",""item name"":""Apple Gala Bag Organic"",""supplied by"":""Other"",""quantity of item"":""1 of"",""item price"":""$5.99""},{""sold by"":""Whole Foods Market (seller profile)"",""quantity of item"":""1 of"",""supplied by"":""Other"",""item price"":""$5.49"",""item name"":""Organic Strawberries, 1 Lb"",""condition"":""New""},{""item price"":""$6.99"",""item name"":""JUDYS Organic Extra Large Grade AA Eggs,12 CT"",""quantity of item"":""1 of"",""supplied by"":""Other"",""condition"":""New"",""sold by"":""Whole Foods Market (seller profile)""},{""condition"":""New"",""item name"":""FAGE Total Greek Yogurt,0% Nonfat, Plain,32 oz"",""item price"":""$7.49"",""quantity of item"":""2 of"",""supplied by"":""Other"",""sold by"":""Whole Foods Market (seller profile)""},{""item name"":""Produce Organic Red Raspberries,6 Oz"",""quantity of item"":""1 of"",""sold by"":""Whole Foods Market (seller profile)"",""supplied by"":""Other"",""condition"":""New"",""item price"":""$4.49""},{""quantity of item"":""1 of"",""item price"":""$3.50"",""supplied by"":""Other"",""item name"":""Produce Organic Blackberries,6 Oz"",""condition"":""New"",""sold by"":""Whole Foods Market (seller profile)""},{""quantity of item"":""1.57 Ib of"",""supplied by"":""Other"",""item price"":""($17.99/lb) $28.24"",""condition"":""New"",""sold by"":""Whole Foods Market (seller profile)"",""item name"":""Beef Loin Flank Steak Pasture Raised Step 4""},{""item price"":""$7.99"",""quantity of item"":""1 of"",""sold by"":""Whole Foods Market (seller profile)"",""item name"":""Pirate's Booty Aged White Cheddar Cheese Puffs 6ct,1oz Individual Snack Size Bags, Gluten Free, Healthy Kids Snacks"",""condition"":""New"",""supplied by"":""Other""}]",114-8336546-9185862,"September 24,2023","September 24,2023",$142.61,$125.66,$9.95
44,2023_10_01_amazon-whole foods-114-0765799-8416223.pdf_0,"[{""condition"":""New"",""quantity of item"":""1"",""supplied by"":""Other"",""item price"":""$5.49"",""sold by"":""Prime Now LLC (seller profile)"",""item name"":""Earthbound Farm Organic Classic Caesar Salad Kit""},{""quantity of item"":""1"",""supplied by"":""Other"",""item price"":""$6.49"",""item name"":""SkinnyPop Popcorn, Gluten Free, Dairy Free, Non-GMO, Healthy Snacks, Halloween Snacks for Kids, Skinny Pop Original Popcorn Snack Packs, 0.65oz Individual Size Snack Bags (6 Count)"",""condition"":""New"",""sold by"":""Prime Now LLC (seller profile)""},{""sold by"":""Prime Now LLC (seller profile)"",""quantity of item"":""1"",""supplied by"":""Other"",""item price"":""$11.49"",""item name"":""GoGo squeeZ Fruit on the Go Variety Pack, Apple & Gimme Five!, 3.2 oz (Pack of 12), Unsweetened Fruit Snacks for Kids, Gluten Free, Nut Free and Dairy Free, Recloseable Cap, BPA Free Pouches"",""condition"":""New""},{""condition"":""New"",""sold by"":""Prime Now LLC (seller profile)"",""item name"":""Bear Fruit Strawberry Rolls, 0.7 Ounce, 5 Ct"",""supplied by"":""Other"",""quantity of item"":""1"",""item price"":""$4.99""},{""condition"":""New"",""item price"":""$7.69"",""item name"":""FAGE Total Greek Yogurt, 0% Nonfat, Plain, 32 oz"",""sold by"":""Prime Now LLC (seller profile)"",""quantity of item"":""2"",""supplied by"":""Other""},{""quantity of item"":""1"",""item price"":""$5.69"",""supplied by"":""Other"",""item name"":""Nature's Path Organic Gluten Free Brown Sugar Maple Instant Oatmeal, 8 Packets, Non-GMO, 31g Whole Grains, 4g Plant Based Protein, 11.3 Ounce"",""sold by"":""Prime Now LLC (seller profile)"",""condition"":""New""},{""condition"":""New"",""item price"":""$12.79"",""sold by"":""Prime Now LLC (seller profile)"",""quantity of item"":""3"",""supplied by"":""Other""},{""condition"":""New"",""supplied by"":""Other"",""item name"":""Cheerios Multi Grain Cheerios Heart Healthy Cereal, 18 OZ Family Size Cereal Box"",""quantity of item"":""1"",""sold by"":""Prime Now LLC (seller profile)"",""item price"":""$6.69""},{""supplied by"":""Other"",""sold by"":""Prime Now LLC (seller profile)"",""item price"":""$7.29"",""item name"":""365 By Whole Foods Market, Milk 2% Organic, 128 Fl Oz"",""condition"":""New"",""quantity of item"":""1""}]",114-0765799-8416223,"October 1,2023","October 1,2023",$108.88,$101.88,$0.00
45,2023_10_09_amazon-whole foods-114-0756866-7258660.pdf_0,"[{""condition"":""New"",""quantity of item"":""1"",""item name"":""365 By Whole Foods Market, Milk 2% Organic, 128 Fl Oz"",""supplied by"":""Other"",""item price"":""$7.29"",""sold by"":""Prime Now LLC (seller profile)""},{""sold by"":""Prime Now LLC (seller profile)"",""condition"":""New"",""supplied by"":""Other"",""item price"":""$5.69"",""item name"":""Oroweat Whole Grains 100% Whole Wheat Bread, Wheat Bread Free From Artificial Colors, Flavors and Preservatives, 24 oz Loaf"",""quantity of item"":""1""},{""quantity of item"":""1"",""supplied by"":""Other"",""sold by"":""Prime Now LLC (seller profile)"",""item price"":""$5.49"",""condition"":""New"",""item name"":""Thomas' Plain Soft & Chewy Pre-Sliced Bagels, 6 count, 3.35 Oz""},{""sold by"":""Prime Now LLC (seller profile)"",""item name"":""GoGo squeeZ Fruit on the Go Variety Pack, Apple & Gimme Five!, 3.2 oz (Pack of 12), Unsweetened Fruit Snacks for Kids, Gluten Free, Nut Free and Dairy Free, Recloseable Cap, BPA Free Pouches"",""supplied by"":""Other"",""quantity of item"":""1"",""item price"":""$10.99"",""condition"":""New""},{""quantity of item"":""1"",""supplied by"":""Other"",""sold by"":""Prime Now LLC (seller profile)"",""item price"":""$2.98"",""condition"":""New"",""item name"":""Roman's Bakehouse Pita Bread Original, 8.8oz""},{""supplied by"":""Other"",""quantity of item"":""1"",""sold by"":""Prime Now LLC (seller profile)"",""item price"":""$4.39"",""item name"":""organicgirl Organic True Hearts Butter Plus, 4 oz"",""condition"":""New""},{""sold by"":""Prime Now LLC (seller profile)"",""quantity of item"":""1"",""item name"":""Wheat Thins Reduced Fat Whole Grain Wheat Crackers, Family Size, 12.5 Oz, 1Count"",""item price"":""$5.69"",""supplied by"":""Other"",""condition"":""New""},{""item price"":""$12.79"",""quantity of item"":""1"",""supplied by"":""Other"",""sold by"":""Prime Now LLC (seller profile)"",""condition"":""New""}]",114-0756866-7258660,"October 9,2023","October 9, 2023",$67.26,$55.31,$6.95
46,2023_10_09_amazon-whole foods-114-3155579-0448226.pdf_0,"[{""item price"":""$5.49"",""item name"":""Kite Hill Tzatziki Almond Milk Yogurt Dip, 8 Ounces, Dairy Free, Gluten Free, Non-GMO, Vegan"",""sold by"":""Whole Foods Market (seller profile)"",""quantity of item"":""1"",""supplied by"":""Other"",""condition"":""New""},{""supplied by"":""Other"",""quantity of item"":""1"",""item price"":""$4.99"",""item name"":""Organic Strawberries, 1 Lb"",""sold by"":""Whole Foods Market (seller profile)"",""condition"":""New""},{""condition"":""New"",""supplied by"":""Other"",""item name"":""365 by Whole Foods Market, Tofu Firm Organic, 14 Ounce"",""quantity of item"":""1"",""sold by"":""Whole Foods Market (seller profile)"",""item price"":""$3.29""},{""sold by"":""Whole Foods Market (seller profile)"",""item name"":""Produce Organic Blackberries, 6 Oz"",""item price"":""$3.50"",""condition"":""New"",""supplied by"":""Other"",""quantity of item"":""1""},{""supplied by"":""Other"",""quantity of item"":""1"",""condition"":""New"",""item price"":""$7.49"",""item name"":""Skinny Popcorn White Cheddar Snack Packs, Halloween Snacks for Kids, 0.65 Oz, 6 Count"",""sold by"":""Whole Foods Market (seller profile)""},{""supplied by"":""Other"",""quantity of item"":""1 (0.30 lb)"",""condition"":""New"",""sold by"":""Whole Foods Market (seller profile)"",""item name"":""Organic Red Bell Pepper, 1 Each"",""item price"":""$1.05""},{""condition"":""New"",""sold by"":""Whole Foods Market (seller profile)"",""supplied by"":""Other"",""quantity of item"":""1"",""item price"":""$4.49"",""item name"":""Produce Organic Red Raspberries, 6 Oz""},{""item price"":""$7.99"",""condition"":""New"",""sold by"":""Whole Foods Market (seller profile)"",""item name"":""Pirate's Booty Aged White Cheddar Cheese Puffs 6ct, 1oz Individual Snack Size Bags, Gluten Free, Healthy Kids Snacks"",""supplied by"":""Other"",""quantity of item"":""1""},{""condition"":""New"",""sold by"":""Whole Foods Market (seller profile)"",""item price"":""$1.89"",""supplied by"":""Other"",""quantity of item"":""1"",""item name"":""365 by Whole Foods Market, Organic Penne Rigate, 16 Ounce""},{""condition"":""null"",""supplied by"":""null"",""item price"":""$8.99"",""quantity of item"":""1"",""item name"":""365 by Whole Foods Market, Oven-Roasted Turkey Breast Deli Slices, Value Pack, 98% Lean, 14 Ounce"",""sold by"":""Whole Foods Market (seller profile)""},{""sold by"":""Whole Foods Market (seller profile)"",""item name"":""365 by Whole Foods Market, Organic Golden Round Crackers,12 Ounce"",""item price"":""$5.49"",""supplied by"":""Other"",""condition"":""New"",""quantity of item"":""1""}]",114-3155579-0448226,"October 9,2023","October 9,2023",$69.61,$54.66,$9.95
47,2023_10_15_amazon-fresh-114-4224735-7357028.pdf_0,"[{""item name"":""Kellogg's Frosted Mini-Wheats Cold Breakfast Cereal, High-Fiber, Whole Grain, Family Size, Strawberry, 22oz Box (1 Box), Frosted Mini-Wheats"",""quantity of item"":""1"",""sold by"":""Prime Now LLC (seller profile)"",""supplied by"":""Other"",""item price"":""$5.69"",""condition"":""New""},{""quantity of item"":""1"",""supplied by"":""Other"",""condition"":""New"",""item name"":""Columbus, Sliced Italian Dry Salame, 12 oz"",""sold by"":""Prime Now LLC (seller profile)"",""item price"":""$9.99""},{""quantity of item"":""1"",""supplied by"":""Other"",""item price"":""$5.49"",""sold by"":""Prime Now LLC (seller profile)"",""condition"":""New"",""item name"":""Thomas' Original English Muffins Plain 6 count, 13 Ounce""},{""item price"":""$6.99"",""item name"":""Applegate, Natural Oven Roasted Turkey Breast, 7oz"",""condition"":""New"",""supplied by"":""Other"",""quantity of item"":""1"",""sold by"":""Prime Now LLC (seller profile)""},{""supplied by"":""Other"",""quantity of item"":""1"",""item name"":""SkinnyPop Popcorn, Gluten Free, Dairy Free, Non-GMO, Healthy Snacks, Halloween Snacks for Kids, Skinny Pop Original Popcorn Snack Packs, 0.65oz Individual Size Snack Bags (6 Count)"",""sold by"":""Prime Now LLC (seller profile)"",""item price"":""$6.49"",""condition"":""New""},{""item price"":""$6.29"",""supplied by"":""Other"",""condition"":""New"",""quantity of item"":""1"",""sold by"":""Prime Now LLC (seller profile)"",""item name"":""Yasso\u00ae Frozen Greek Yogurt Bars, Fudge Brownie, 3.5 Ounce Bars, 4 Count""},{""sold by"":""Prime Now LLC (seller profile)"",""condition"":""New"",""supplied by"":""Other"",""item name"":""Earthbound Farm Organic Classic Caesar Salad Kit"",""item price"":""$4.39"",""quantity of item"":""1""},{""quantity of item"":""1"",""supplied by"":""Other"",""item price"":""$5.49"",""sold by"":""Prime Now LLC (seller profile)"",""item name"":""Chobani\u00ae Low-Fat Vanilla Greek Yogurt, Mixed Berry on the Bottom 5.3oz 4-pack"",""condition"":""New""},{""quantity of item"":""1"",""supplied by"":""Other"",""item price"":""$6.29"",""item name"":""Yasso\u00ae Frozen Greek Yogurt Bars, Sea Salt Caramel, 3.5 Ounce Bars, 4 Count"",""sold by"":""Prime Now LLC (seller profile)"",""condition"":""New""},{""item name"":""Yasso  Frozen Greek Yogurt Bars, Chocolate Chip Cookie Dough,3.5 Ounce Bars,4 Count"",""supplied by"":""Other"",""quantity of item"":""1"",""condition"":""New"",""item price"":""$6.29"",""sold by"":""Prime Now LLC (seller profile)""},{""quantity of item"":""1"",""item name"":""Oroweat  Whole Grains 100% Whole Wheat Bread, Wheat Bread Free From Artificial Colors, Flavors and Preservatives,24 oz Loaf"",""sold by"":""Prime Now LLC (seller profile)"",""condition"":""New"",""item price"":""$5.49"",""supplied by"":""Other""}]",114-4224735-7357028,"October 15,2023","October 15,2023",$80.84,$68.89,$6.95
48,2023_10_15_amazon-whole foods-114-5218682-1909018.pdf_0,"[{""condition"":""New"",""item price"":""$3.99"",""sold by"":""Whole Foods Market (seller profile)"",""item name"":""Cantaloupe Melon, 1 Each"",""supplied by"":""Other"",""quantity of item"":""1""},{""item name"":""Organic Angel Sweet Grape Tomatoes, One pint"",""supplied by"":""Other"",""sold by"":""Whole Foods Market (seller profile)"",""condition"":""New"",""quantity of item"":""1"",""item price"":""$4.99""},{""condition"":""New"",""item price"":""$3.50"",""item name"":""Produce Organic Blackberries, 6 Oz"",""quantity of item"":""1"",""supplied by"":""Other"",""sold by"":""Whole Foods Market (seller profile)""},{""sold by"":""Whole Foods Market (seller profile)"",""supplied by"":""Other"",""item price"":""$4.99"",""quantity of item"":""1"",""item name"":""Organic Mini Cucumbers, 1 lb"",""condition"":""New""},{""supplied by"":""Other"",""item price"":""$3.99"",""condition"":""New"",""sold by"":""Whole Foods Market (seller profile)"",""quantity of item"":""3"",""item name"":""Artichoke Organic, 1 Each""},{""supplied by"":""Other"",""sold by"":""Whole Foods Market (seller profile)"",""item name"":""Apple Gala Bag Organic, 48 Ounce"",""item price"":""$5.99"",""condition"":""New"",""quantity of item"":""1""},{""item price"":""($3.99/lb) $4.55"",""supplied by"":""Other"",""condition"":""New"",""item name"":""Organic Broccoli, 1 Each"",""quantity of item"":""1.14 lb"",""sold by"":""Whole Foods Market (seller profile)""},{""quantity of item"":""1"",""item price"":""$3.79"",""sold by"":""Whole Foods Market (seller profile)"",""condition"":""New"",""supplied by"":""Other"",""item name"":""365 by Whole Foods Market, Organic Unsweetened Apple Sauce, 24 Ounce""},{""item price"":""$5.99"",""sold by"":""Whole Foods Market (seller profile)"",""supplied by"":""Other"",""item name"":""Organic Strawberries, 1 Lb"",""condition"":""New"",""quantity of item"":""1""},{""sold by"":""Whole Foods Market (seller profile)"",""quantity of item"":""1 (2.40 lb)"",""item price"":""($3.99/lb) $9.58"",""item name"":""Organic Red Seedless Grapes, 2 Lb"",""supplied by"":""Other"",""condition"":""New""},{""quantity of item"":""1"",""sold by"":""Whole Foods Market (seller profile)"",""item name"":""Diestel, Fresh 99%/1% Organic Ground Turkey Breast,1 lb"",""item price"":""$10.99"",""supplied by"":""Other"",""condition"":""New""},{""sold by"":""Whole Foods Market (seller profile)"",""quantity of item"":""1 (0.38 lb)"",""supplied by"":""Other"",""item price"":""($3.59/lb) $1.36"",""item name"":""Organic Red Bell Pepper,1 Each"",""condition"":""New""},{""quantity of item"":""6 (2.76 lb)"",""supplied by"":""Other"",""sold by"":""Whole Foods Market (seller profile)"",""condition"":""New"",""item name"":""Organic Banana"",""item price"":""($0.99/lb) $2.73""},{""item price"":""$4.49"",""quantity of item"":""1"",""sold by"":""Whole Foods Market (seller profile)"",""item name"":""Produce Organic Red Raspberries,6 Oz"",""condition"":""New"",""supplied by"":""Other""},{""condition"":""New"",""supplied by"":""Other"",""item name"":""Sugar Snap Peas Conventional Sourced For Good,8 Ounce Bag"",""item price"":""$3.99"",""quantity of item"":""1"",""sold by"":""Whole Foods Market (seller profile)""},{""condition"":""New"",""sold by"":""Whole Foods Market (seller profile)"",""supplied by"":""Other"",""quantity of item"":""1"",""item price"":""$16.49"",""item name"":""Tillamook Medium Cheddar Cheese Block,2lb""}]",114-5218682-1909018,"October 15,2023","October 15,2023",$99.39,$99.39,$0.00
49,2023_10_22_amazon-fresh-111-3176163-7553025.pdf_0,"[{""supplied by"":""Other"",""item price"":""$6.49"",""quantity of item"":""1"",""sold by"":""Prime Now LLC (seller profile)"",""item name"":""SkinnyPop Popcorn, Gluten Free, Dairy Free, Non-GMO, Healthy Snacks, Halloween Snacks for Kids, Skinny Pop Original Popcorn Snack Packs, 0.65oz Individual Size Snack Bags (6 Count)"",""condition"":""New""},{""sold by"":""Prime Now LLC (seller profile)"",""item price"":""$7.49"",""quantity of item"":""1"",""supplied by"":""Other"",""condition"":""New"",""item name"":""Santa Cruz Organic, Dark Roasted Peanut Butter, Creamy, Organic, 16 Ounce""},{""item name"":""Earthbound Farm Organic Classic Caesar Salad Kit"",""condition"":""New"",""item price"":""$4.99"",""quantity of item"":""1"",""sold by"":""Prime Now LLC (seller profile)"",""supplied by"":""Other""},{""item name"":""Oroweat Whole Grains 100% Whole Wheat Bread, Wheat Bread Free From Artificial Colors, Flavors and Preservatives, 24 oz Loaf"",""item price"":""$5.49"",""quantity of item"":""1"",""sold by"":""Prime Now LLC (seller profile)"",""supplied by"":""Other"",""condition"":""New""},{""quantity of item"":""1"",""item name"":""Thomas' Plain Soft & Chewy Pre-Sliced Bagels, 6 count, 3.35 Oz"",""item price"":""$5.49"",""supplied by"":""Other"",""condition"":""New"",""sold by"":""Prime Now LLC (seller profile)""},{""quantity of item"":""1"",""item price"":""$6.49"",""condition"":""New"",""sold by"":""Prime Now LLC (seller profile)"",""supplied by"":""Other"",""item name"":""Skinny Popcorn White Cheddar Snack Packs, Halloween Snacks for Kids, 0.65 Oz, 6 Count""},{""sold by"":""Prime Now LLC (seller profile)"",""quantity of item"":""1"",""item price"":""$14.49"",""supplied by"":""Other"",""item name"":""GoGo squeeZ Fruit on the Go Variety Pack, Apple, Mango & Banana, 3.2 oz (Pack of 20), Unsweetened Fruit Snacks for Kids, Gluten Free, Nut Free and Dairy Free, Recloseable Cap, BPA Free Pouches"",""condition"":""New""},{""item price"":""$5.49"",""supplied by"":""Other"",""sold by"":""Prime Now LLC (seller profile)"",""item name"":""Thomas' Original English Muffins Plain 6 count, 13 Ounce"",""quantity of item"":""1"",""condition"":""New""}]",111-3176163-7553025,"October 22,2023","October 22,2023",$63.37,$56.42,$6.95
50,2023_10_22_amazon-whole foods-114-3243675-3785868.pdf_0,"[{""sold by"":""Whole Foods Market (seller profile)"",""supplied by"":""Other"",""item name"":""Blackberries, 6 Oz"",""item price"":""$3.49"",""condition"":""New"",""quantity of item"":""1 of""},{""condition"":""New"",""supplied by"":""Other"",""quantity of item"":""1 of"",""item price"":""$5.69"",""item name"":""Blackberries, 12 Oz"",""sold by"":""Whole Foods Market (seller profile)""},{""item name"":""Red Bell Pepper"",""item price"":""$3.04"",""supplied by"":""Other"",""sold by"":""Whole Foods Market (seller profile)"",""condition"":""New"",""quantity of item"":""0.87 lb of""},{""quantity of item"":""1.44 lb of"",""condition"":""New"",""supplied by"":""Other"",""item price"":""$2.87"",""item name"":""Onion Yellow Conventional, 1 Each"",""sold by"":""Whole Foods Market (seller profile)""},{""condition"":""New"",""sold by"":""Whole Foods Market (seller profile)"",""item price"":""$7.99"",""item name"":""Wallaby Organic Aussie Greek Nonfat Yogurt, Plain, 32 oz. USDA Organic"",""supplied by"":""Other"",""quantity of item"":""1 of""},{""condition"":""New"",""item price"":""$2.99"",""sold by"":""Whole Foods Market (seller profile)"",""item name"":""Mango Keitt Organic"",""quantity of item"":""2 of"",""supplied by"":""Other""},{""sold by"":""Whole Foods Market (seller profile)"",""item name"":""Potato Sweet Orange Organic"",""quantity of item"":""2 (2.00 lb) of"",""condition"":""New"",""supplied by"":""Other"",""item price"":""$4.98""},{""supplied by"":""Other"",""item price"":""$5.99"",""item name"":""Organic Broccoli, 1 Each"",""sold by"":""Whole Foods Market (seller profile)"",""condition"":""New"",""quantity of item"":""1 (1.50 lb) of""},{""quantity of item"":""1.54 lb of"",""item price"":""$21.54"",""condition"":""New"",""supplied by"":""Other"",""sold by"":""Whole Foods Market (seller profile)"",""item name"":""Pork Loin Tenderloin Whole Step 1""},{""item price"":""$4.99"",""condition"":""New"",""supplied by"":""Other"",""item name"":""Organic Mini Cucumbers, 1 lb"",""quantity of item"":""1 of"",""sold by"":""Whole Foods Market (seller profile)""},{""quantity of item"":""1 (1.11 lb) of"",""supplied by"":""Other"",""condition"":""New"",""item name"":""Organic Green Asparagus"",""sold by"":""Whole Foods Market (seller profile)"",""item price"":""$6.65""},{""sold by"":""Whole Foods Market (seller profile)"",""item name"":""Organic Cucumber, 1 Each"",""quantity of item"":""1 of"",""condition"":""New"",""supplied by"":""Other"",""item price"":""$5.99""},{""condition"":""New"",""sold by"":""Whole Foods Market (seller profile)"",""supplied by"":""Other"",""item price"":""$5.99"",""quantity of item"":""1 of"",""item name"":""Organic Strawberries, 1 Lb""},{""item name"":""Maille Mustard, Old Style, 7.3 oz"",""quantity of item"":""1 of"",""sold by"":""Whole Foods Market (seller profile)"",""condition"":""New"",""supplied by"":""Other"",""item price"":""$5.99""},{""sold by"":""Whole Foods Market (seller profile)"",""supplied by"":""Other"",""condition"":""New"",""item price"":""$6.83"",""item name"":""365 by Whole Foods Market, Oven-Roasted Turkey Breast Deli Slices, Value Pack, 98% Lean, 14 Ounce"",""quantity of item"":""1 of""},{""item price"":""$5.49"",""supplied by"":""Other"",""sold by"":""Whole Foods Market (seller profile)"",""quantity of item"":""1 of"",""condition"":""New"",""item name"":""Organic Red Creamer Potatoes, 24 Ounce""},{""condition"":""New"",""quantity of item"":""1.46 lb of"",""supplied by"":""Other"",""item price"":""$20.43"",""sold by"":""Whole Foods Market (seller profile)"",""item name"":""Beef Loin Top Sirloin Steak Pasture Raised Step 4""},{""item price"":""$7.99"",""item name"":""Pirate's Booty Aged White Cheddar Cheese Puffs 6ct, 1oz Individual Snack Size Bags, Gluten Free, Healthy Kids Snacks"",""supplied by"":""Other"",""quantity of item"":""1 of"",""sold by"":""Whole Foods Market (seller profile)"",""condition"":""New""},{""item price"":""$5.99"",""quantity of item"":""1 of"",""condition"":""New"",""sold by"":""Whole Foods Market (seller profile)"",""supplied by"":""Other"",""item name"":""Apple Gala Bag Organic, 48 Ounce""},{""item price"":""$27.49"",""item name"":""365 by Whole Foods Market, Value Pack Salmon Fillet Atlantic Farm Raised Frozen, 32 Ounce"",""quantity of item"":""1 of"",""sold by"":""Whole Foods Market (seller profile)"",""condition"":""New"",""supplied by"":""Other""},{""quantity of item"":""1 of"",""supplied by"":""Other"",""item price"":""$3.99"",""item name"":""365 by Whole Foods Market, Garlic Peeled 6Oz Organic,6 Ounce"",""condition"":""New"",""sold by"":""Whole Foods Market (seller profile)""},{""sold by"":""Whole Foods Market (seller profile)"",""item name"":""Organic D'Anjou Pear"",""condition"":""New"",""quantity of item"":""3 (1.55 lb) of"",""supplied by"":""Other"",""item price"":""$4.63""},{""quantity of item"":""1 of"",""item name"":""365 by Whole Foods Market, Organic Dijon Mustard, 8 Ounce"",""condition"":""New"",""item price"":""$2.99"",""sold by"":""Whole Foods Market (seller profile)"",""supplied by"":""Other""},{""sold by"":""Whole Foods Market (seller profile)"",""item name"":""365 by Whole Foods Market, Organic Dijon Mustard, 8 Ounce"",""item price"":""$2.99"",""quantity of item"":""1"",""condition"":""New"",""supplied by"":""Other""},{""item name"":""DIESTEL TURKEY RANCH Ground Turkey Breast, 16 OZ"",""supplied by"":""Other"",""quantity of item"":""1"",""sold by"":""Whole Foods Market (seller profile)"",""item price"":""$10.49"",""condition"":""New""},{""condition"":""New"",""supplied by"":""Other"",""sold by"":""Whole Foods Market (seller profile)"",""item price"":""$4.49"",""quantity of item"":""1"",""item name"":""Produce Organic Red Raspberries, 6 Oz""},{""sold by"":""Whole Foods Market (seller profile)"",""supplied by"":""Other"",""item price"":""$1.79"",""quantity of item"":""1"",""condition"":""New"",""item name"":""Herb Italian Parsley Organic, 1 Bunch""},{""sold by"":""Whole Foods Market (seller profile)"",""supplied by"":""Other"",""item price"":""$13.84"",""condition"":""New"",""quantity of item"":""1.54 lb"",""item name"":""Mary's Chicken Organic Boneless Skinless Chicken Thighs""},{""item price"":""$2.79"",""quantity of item"":""1"",""sold by"":""Whole Foods Market (seller profile)"",""item name"":""365 by Whole Foods Market, Organic Baby Spinach, 5 oz"",""condition"":""New"",""supplied by"":""Other""},{""item price"":""$1.75"",""sold by"":""Whole Foods Market (seller profile)"",""item name"":""Organic Banana"",""supplied by"":""Other"",""quantity of item"":""6 (1.77 lb)"",""condition"":""New""}]",114-3243675-3785868,"October 22,2023","October 22,2023",$276.77,$256.82,$9.95
51,2023_10_29_amazon-whole foods-114-6072856-3526640.pdf_0,"[{""item name"":""San Luis Sourdough Bread, 24 Oz"",""quantity of item"":""1"",""item price"":""$0.98"",""supplied by"":""Other"",""sold by"":""Prime Now LLC (seller profile)"",""condition"":""New""},{""sold by"":""Prime Now LLC (seller profile)"",""quantity of item"":""1"",""item name"":""Applegate, Natural Oven Roasted Turkey Breast Family Size, 10.5oz"",""item price"":""$9.99"",""condition"":""New"",""supplied by"":""Other""},{""supplied by"":""Other"",""quantity of item"":""1"",""condition"":""New"",""item price"":""$5.49"",""sold by"":""Prime Now LLC (seller profile)"",""item name"":""Oroweat Whole Grains 100% Whole Wheat Bread, Wheat Bread Free From Artificial Colors, Flavors and Preservatives, 24 oz""},{""condition"":""New"",""quantity of item"":""1"",""item price"":""$1.49"",""sold by"":""Prime Now LLC (seller profile)"",""supplied by"":""Other"",""item name"":""Organic Yellow Onion, 1 Each""},{""sold by"":""Prime Now LLC (seller profile)"",""quantity of item"":""1"",""item price"":""$2.79"",""condition"":""New"",""item name"":""Daisy, Sour Cream, Light, 16 oz"",""supplied by"":""Other""},{""sold by"":""Prime Now LLC (seller profile)"",""condition"":""New"",""item name"":""Best Foods Mayonnaise Light Mayo 1 ct For a Creamy Condiment or Sandwich Spread 60% Less Fat and Calories than Regular Mayonnaise 20 oz"",""quantity of item"":""1"",""item price"":""$6.69"",""supplied by"":""Other""},{""sold by"":""Prime Now LLC (seller profile)"",""quantity of item"":""1"",""item price"":""$7.29"",""item name"":""365 By Whole Foods Market, Milk 2% Organic, 128 Fl Oz"",""condition"":""New"",""supplied by"":""Other""},{""sold by"":""Prime Now LLC (seller profile)"",""item price"":""$4.59"",""condition"":""New"",""supplied by"":""Other"",""quantity of item"":""1"",""item name"":""Produce Organic Blackberries, 6 Oz""},{""item name"":""Cedar's Foods, Cucumber Garlic Tzatziki, 12 oz"",""quantity of item"":""1"",""sold by"":""Prime Now LLC (seller profile)"",""item price"":""$5.69"",""condition"":""New"",""supplied by"":""Other""},{""item price"":""$1.59"",""item name"":""Organic Red Onion,1 Each"",""quantity of item"":""1"",""sold by"":""Prime Now LLC (seller profile)"",""supplied by"":""Other"",""condition"":""New""},{""sold by"":""Prime Now LLC (seller profile)"",""item price"":""$6.49"",""condition"":""New"",""supplied by"":""Other"",""item name"":""Kodiak Cakes Power Cakes All Natural Non GMO Protein Pancake/Flapjack/Waffle Mix, Buttermilk,20 Ounce, Kodiak Cakes"",""quantity of item"":""1""}]",114-6072856-3526640,"October 29,2023","October 29,2023",$65.03,$53.08,$6.95
52,2023_11_05_amazon-fresh-114-7728358-1391454.pdf_0,"[{""condition"":""New"",""item price"":""$4.59"",""supplied by"":""Other"",""quantity of item"":""1"",""item name"":""Pace Chunky Salsa Medium, 24 oz."",""sold by"":""Prime Now LLC (seller profile)""},{""item price"":""$10.49"",""quantity of item"":""1"",""supplied by"":""Other"",""sold by"":""Prime Now LLC (seller profile)"",""condition"":""New"",""item name"":""GoGo squeeZ Fruit on the Go Variety Pack, Apple & Gimme Five!, 3.2 oz (Pack of 12), Unsweetened Fruit Snacks for Kids, Gluten Free, Nut Free and Dairy Free, Recloseable Cap, BPA Free Pouches""},{""sold by"":""Prime Now LLC (seller profile)"",""supplied by"":""Other"",""item name"":""SkinnyPop Variety Pack, 0.5 Oz, 14 Ct"",""item price"":""$10.29"",""condition"":""New"",""quantity of item"":""1""},{""quantity of item"":""1"",""sold by"":""Prime Now LLC (seller profile)"",""supplied by"":""Other"",""item name"":""Earthbound Farm Organic Classic Caesar Salad Kit"",""condition"":""New"",""item price"":""$4.99""},{""item price"":""$4.39"",""condition"":""New"",""item name"":""Snyder's of Hanover Pretzel Sticks, Family Size 16 Oz"",""supplied by"":""Other"",""quantity of item"":""1"",""sold by"":""Prime Now LLC (seller profile)""},{""condition"":""New"",""supplied by"":""Other"",""sold by"":""Prime Now LLC (seller profile)"",""quantity of item"":""1"",""item price"":""$7.69"",""item name"":""Goldfish Flavor Blasted Xtra Cheddar Cheese Crackers, Baked Snack Crackers, 0.9 Oz On-the-Go Snack Packs, 9 Count Tray""},{""item name"":""Mission Burrito Flour Tortillas, Large Size, 16 Count, Trans Fat Free"",""supplied by"":""Other"",""condition"":""New"",""item price"":""$6.69"",""sold by"":""Prime Now LLC (seller profile)"",""quantity of item"":""1""},{""item price"":""$4.59"",""condition"":""New"",""item name"":""Tostitos Dip, Chunky Salsa, Mild, 15.5oz"",""sold by"":""Prime Now LLC (seller profile)"",""quantity of item"":""1"",""supplied by"":""Other""},{""item price"":""$7.40"",""sold by"":""Prime Now LLC (seller profile)"",""supplied by"":""Other"",""quantity of item"":""1"",""condition"":""New"",""item name"":""YumEarth Organic Fruit Snacks Box, 0.7 Ounce (Pack of 10)""},{""quantity of item"":""1"",""item name"":""Mission Tortilla Strips,11 Oz"",""sold by"":""Prime Now LLC (seller profile)"",""item price"":""$2.99"",""supplied by"":""Other"",""condition"":""New""},{""sold by"":""Prime Now LLC (seller profile)"",""quantity of item"":""1"",""supplied by"":""Other"",""item price"":""$6.99"",""condition"":""New"",""item name"":""Annie's Organic Bunny Fruit Flavored Snacks, Summer Strawberry, Gluten Free,10 Pouches,7 oz.""}]",114-7728358-1391454,"November 5,2023","November 5,2023",$83.05,$71.10,$6.95
53,2023_11_05_amazon-whole foods-114-9723838-4301840.pdf_0,"[{""sold by"":""Whole Foods Market (seller profile)"",""condition"":""New"",""item price"":""$5.49"",""item name"":""365 by Whole Foods Market, Peanut Butter Pretzel Nuggets, 18 Ounce"",""supplied by"":""Other"",""quantity of item"":""1""},{""condition"":""New"",""quantity of item"":""2"",""sold by"":""Whole Foods Market (seller profile)"",""supplied by"":""Other"",""item name"":""FAGE Total Greek Yogurt, 0% Nonfat, Plain, 32 oz"",""item price"":""$6.99""},{""quantity of item"":""1"",""item name"":""Nature's Path Organic Gluten Free Brown Sugar Maple Instant Oatmeal, 8 Packets, Non-GMO, 31g Whole Grains, 4g Plant Based Protein, 11.3 Ounce"",""item price"":""$6.39"",""condition"":""New"",""sold by"":""Whole Foods Market (seller profile)"",""supplied by"":""Other""},{""sold by"":""Whole Foods Market (seller profile)"",""condition"":""New"",""item price"":""$1.33"",""item name"":""Muir Glen Organic Diced Tomatoes, Fire Roasted, 14.5 oz."",""supplied by"":""Other"",""quantity of item"":""1""},{""sold by"":""Whole Foods Market (seller profile)"",""condition"":""New"",""quantity of item"":""1.59 lb"",""item name"":""Beef Loin Top Sirloin Steak Pasture Raised Step 4"",""item price"":""$22.24"",""supplied by"":""Other""},{""condition"":""New"",""sold by"":""Whole Foods Market (seller profile)"",""item price"":""$14.49"",""quantity of item"":""4"",""supplied by"":""Other""},{""item price"":""$3.99"",""item name"":""365 by Whole Foods Market, Garlic Peeled 6Oz Organic, 6 Ounce"",""supplied by"":""Other"",""sold by"":""Whole Foods Market (seller profile)"",""quantity of item"":""1"",""condition"":""New""}]",114-9723838-4301840,"November 5,2023","November 5,2023",$128.33,$111.38,$9.95
54,2023_11_12_amazon-fresh-114-7848169-9609067.pdf_0,"[{""condition"":""New"",""item price"":""$4.69"",""item name"":""Produce Organic Blackberries, 6 Oz"",""supplied by"":""Other"",""sold by"":""Prime Now LLC (seller profile)"",""quantity of item"":""1""},{""quantity of item"":""1"",""item price"":""$5.49"",""sold by"":""Prime Now LLC (seller profile)"",""condition"":""New"",""supplied by"":""Other"",""item name"":""Oroweat Whole Grains 100% Whole Wheat Bread, Wheat Bread Free From Artificial Colors, Flavors and Preservatives, 24 oz Loaf""},{""supplied by"":""Other"",""quantity of item"":""1"",""sold by"":""Prime Now LLC (seller profile)"",""item name"":""Thomas' Plain Soft & Chewy Pre-Sliced Bagels, 6 count, 3.35 Oz"",""condition"":""New"",""item price"":""$5.49""},{""item price"":""$4.69"",""item name"":""Produce Organic Red Raspberries, 6 Oz"",""sold by"":""Prime Now LLC (seller profile)"",""condition"":""New"",""supplied by"":""Other"",""quantity of item"":""1""},{""quantity of item"":""1"",""sold by"":""Prime Now LLC (seller profile)"",""condition"":""New"",""item price"":""$4.68"",""item name"":""San Luis Sourdough Bread, 24 Oz"",""supplied by"":""Other""},{""supplied by"":""Other"",""condition"":""New"",""item price"":""$6.99"",""sold by"":""Prime Now LLC (seller profile)"",""quantity of item"":""1"",""item name"":""Organic Strawberries, 1 Lb""},{""condition"":""New"",""item price"":""$8.99"",""item name"":""Organic Blueberries, 12 Oz"",""supplied by"":""Other"",""sold by"":""Prime Now LLC (seller profile)"",""quantity of item"":""1""},{""item name"":""(CH) Pure Cane Sugar (Golden Brown)"",""quantity of item"":""1"",""item price"":""$2.79"",""sold by"":""Prime Now LLC (seller profile)"",""supplied by"":""Other"",""condition"":""New""},{""quantity of item"":""1"",""item price"":""$8.99"",""item name"":""Vital Farms Organic Pasture Raised Eggs Large Brown, 12 Count"",""sold by"":""Prime Now LLC (seller profile)"",""supplied by"":""Other"",""condition"":""New""},{""item name"":""Goldfish Flavor Blasted Xtra Cheddar Cheese Crackers, Baked Snack Crackers, 0.9 Oz On-the-Go Snack Packs, 9 Count"",""condition"":null,""item price"":""$7.69"",""sold by"":""Prime Now LLC (seller profile)"",""supplied by"":""Other"",""quantity of item"":""1""},{""quantity of item"":""1"",""item price"":""$1.99"",""item name"":""Organic Bananas Bunch"",""supplied by"":""Other"",""condition"":""New"",""sold by"":""Prime Now LLC (seller profile)""},{""condition"":""New"",""item name"":""C&H Pure Cane, Granulated Dark Brown Sugar,1 lb"",""supplied by"":""Other"",""quantity of item"":""1"",""sold by"":""Prime Now LLC (seller profile)"",""item price"":""$2.79""},{""condition"":""New"",""item price"":""$5.49"",""quantity of item"":""1"",""sold by"":""Prime Now LLC (seller profile)"",""supplied by"":""Other"",""item name"":""C&H Pure Cane, Granulated White Sugar,4 lb""},{""item price"":""$10.29"",""supplied by"":""Other"",""condition"":""New"",""item name"":""YumEarth Organic Tropical Fruit Snacks,0.7 Ounce (Pack of 10)"",""sold by"":""Prime Now LLC (seller profile)"",""quantity of item"":""1""},{""condition"":""New"",""supplied by"":""Other"",""item price"":""$4.29"",""quantity of item"":""1"",""sold by"":""Prime Now LLC (seller profile)"",""item name"":""Nestle Toll House Semi Sweet Chocolate Chips for Baking and Snacking,-100% Real Chocolate- Gluten Free Chocolate Morsels 12 oz Bag""}]",114-7848169-9609067,"November 12,2023","November 12,2023",$95.79,$85.34,$6.95
55,2023_11_25_amazon-whole foods-111-0056324-0237076.pdf_0,"[{""item price"":""$8.49"",""quantity of item"":""1"",""sold by"":""Whole Foods Market (seller profile)"",""supplied by"":""Other"",""item name"":""Rishi Tea Jasmine Green Tea - Herbal Tea Bags, Contains Caffeine, Jasmine Green Tea Bags, USDA Certified Organic, Jasmine Tea Bags, Floral Aroma & Tas"",""condition"":""New""},{""condition"":""New"",""sold by"":""Whole Foods Market (seller profile)"",""supplied by"":""Other"",""item name"":""Celestial Seasonings Vermont Maple Ginger Tea, Single Box, 1pack"",""quantity of item"":""1"",""item price"":""$3.32""},{""supplied by"":""Other"",""sold by"":""Whole Foods Market (seller profile)"",""item price"":""$12.99"",""item name"":""The Republic of Tea - Chamomile Lemon Herbal Tea Tin, 36 Tea Bags, Naturally Caffeine Free"",""condition"":""New"",""quantity of item"":""1""},{""quantity of item"":""1"",""sold by"":""Whole Foods Market (seller profile)"",""condition"":""New"",""item price"":""$8.49"",""supplied by"":""Other"",""item name"":""Rishi Tea Blueberry Hibiscus Herbal Tea - USDA Organic, Direct Trade Sachet Tea Bags, Antioxidants, Caffeine Free, Sweet, Tangy - 15 Count (Pack of 1)""},{""item price"":""$6.99"",""item name"":""JUDYS Organic Extra Large Grade AA Eggs, 12 CT"",""condition"":""New"",""sold by"":""Whole Foods Market (seller profile)"",""quantity of item"":""1"",""supplied by"":""Other""},{""item price"":""$4.49"",""item name"":""Tazo Passion Herbal Tea, 20 ct, Tazo"",""sold by"":""Whole Foods Market (seller profile)"",""quantity of item"":""1"",""condition"":""New"",""supplied by"":""Other""},{""sold by"":""Whole Foods Market (seller profile)"",""quantity of item"":""1"",""condition"":""New"",""item price"":""$4.99"",""item name"":""Organic Mini Cucumbers, 1 lb"",""supplied by"":""Other""},{""quantity of item"":""1"",""item price"":""$4.69"",""item name"":""365 by Whole Foods Market, Organic Strawberry Fruit Spread, 17 Ounce"",""sold by"":""Whole Foods Market (seller profile)"",""supplied by"":""Other"",""condition"":""New""},{""item name"":""Dave's Killer Bread Organic White Bread Done Right - 24 oz Loaf"",""sold by"":""Whole Foods Market (seller profile)"",""quantity of item"":""1"",""item price"":""$7.49"",""condition"":""New"",""supplied by"":""Other""},{""condition"":""New"",""item name"":""produce aisle Organic Banana"",""sold by"":""Whole Foods Market (seller profile)"",""quantity of item"":""6 (2.28 lb)"",""item price"":""($0.99/lb)"",""supplied by"":""Other""},{""sold by"":""Whole Foods Market (seller profile)"",""quantity of item"":""1"",""supplied by"":""Other"",""condition"":""New"",""item price"":""$3.99"",""item name"":""365 by Whole Foods Market, Cream Cheese Tub Whipped, 8 Ounce""},{""sold by"":""Whole Foods Market (seller profile)"",""item price"":""$4.99"",""quantity of item"":""1"",""item name"":""Organic Angel Sweet Grape Tomatoes, One pint"",""condition"":""New"",""supplied by"":""Other""},{""sold by"":""Whole Foods Market (seller profile)"",""item price"":""$5.99"",""condition"":""New"",""item name"":""Organic Strawberries, 1 Lb"",""supplied by"":""Other"",""quantity of item"":""1""},{""sold by"":""Whole Foods Market (seller profile)"",""quantity of item"":""1"",""supplied by"":""Other"",""item price"":""$16.49"",""condition"":""New"",""item name"":""Tillamook Medium Cheddar Cheese Block, 2lb""},{""condition"":""New"",""quantity of item"":""2"",""item price"":""$10.34"",""supplied by"":""Other"",""sold by"":""Whole Foods Market (seller profile)""},{""item price"":""$7.99"",""item name"":""SkinnyPop Popcorn White Cheddar Snack Packs, Halloween Snacks for Kids, 0.65 Oz, 6 Count"",""quantity of item"":""1"",""supplied by"":""Other"",""sold by"":""Whole Foods Market (seller profile)"",""condition"":""New""},{""supplied by"":""Other"",""quantity of item"":""1"",""condition"":""New"",""item price"":""$5.99"",""sold by"":""Whole Foods Market (seller profile)"",""item name"":""Apple Gala Bag Organic, 48 Ounce""},{""quantity of item"":""1"",""condition"":""New"",""item price"":""$4.99"",""item name"":""Produce Organic Red Raspberries, 6 Oz"",""sold by"":""Whole Foods Market (seller profile)"",""supplied by"":""Other""},{""item price"":""$3.99"",""condition"":""New"",""sold by"":""Whole Foods Market (seller profile)"",""item name"":""Cantaloupe Melon, 1 Each"",""quantity of item"":""1"",""supplied by"":""Other""},{""quantity of item"":""1"",""supplied by"":""Other"",""item name"":""Diestel, Fresh 99%/1% Organic Ground Turkey Breast, 1 lb"",""sold by"":""Whole Foods Market (seller profile)"",""condition"":""New"",""item price"":""$10.99""},{""item name"":""Mary's Chicken Organic Boneless Skinless Chicken Thighs"",""quantity of item"":""1.38 lb"",""condition"":""New"",""sold by"":""Whole Foods Market (seller profile)"",""item price"":""($8.99/lb)"",""supplied by"":""Other""},{""supplied by"":""Other"",""quantity of item"":""1"",""sold by"":""Whole Foods Market (seller profile)"",""item name"":""FAGE Total Greek Yogurt, 0% Nonfat, Plain, 32 oz"",""condition"":""New"",""item price"":null},{""quantity of item"":""1 (1.49 lb)"",""condition"":""New"",""sold by"":""Whole Foods Market (seller profile)"",""item name"":""Organic Broccoli, 1 Each"",""supplied by"":""Other"",""item price"":""($3.99/lb)""},{""supplied by"":""Other"",""sold by"":""Whole Foods Market (seller profile)"",""condition"":""New"",""item price"":""$3.99/lb"",""item name"":""Organic Broccoli, 1 Each"",""quantity of item"":""1 (1.49 lb)""},{""item price"":""$8.99"",""sold by"":""Whole Foods Market (seller profile)"",""supplied by"":""Other"",""condition"":""New"",""quantity of item"":""1"",""item name"":""365 by Whole Foods Market, Oven-Roasted Turkey Breast Deli Slices, Value Pack, 98% Lean, 14 Ounce""},{""item name"":""365 by Whole Foods Market, Peanut Butter Pretzel Nuggets, 18 Ounce"",""quantity of item"":""1"",""supplied by"":""Other"",""sold by"":""Whole Foods Market (seller profile)"",""condition"":""New"",""item price"":""$5.49""},{""item name"":""365 by Whole Foods Market, Organic Unsweetened Apple Sauce, 24 Ounce"",""supplied by"":""Other"",""condition"":""New"",""quantity of item"":""1"",""item price"":""$3.69"",""sold by"":""Whole Foods Market (seller profile)""},{""item price"":""$4.79"",""quantity of item"":""1"",""item name"":""365 By Whole Foods Market, Organic Sliced Havarti, 6 Ounce"",""condition"":""New"",""supplied by"":""Other"",""sold by"":""Whole Foods Market (seller profile)""},{""sold by"":""Whole Foods Market (seller profile)"",""condition"":""New"",""supplied by"":""Other"",""item price"":""$2.79"",""item name"":""365 by Whole Foods Market, Organic Baby Spinach, 5 oz"",""quantity of item"":""1""},{""sold by"":""Whole Foods Market (seller profile)"",""quantity of item"":""1"",""supplied by"":""Other"",""item name"":""Pirate's Booty Aged White Cheddar Cheese Puffs 6ct, 1oz Individual Snack Size Bags, Gluten Free, Healthy Kids Snacks"",""item price"":""$8.49"",""condition"":""New""},{""condition"":""New"",""supplied by"":""Other"",""quantity of item"":""1"",""item name"":""Nature's Path Organic Gluten Free Brown Sugar Maple Instant Oatmeal, 8 Packets, Non-GMO, 31g Whole Grains, 4g Plant Based Protein, 11.3 Ounce"",""item price"":""$6.39"",""sold by"":""Whole Foods Market (seller profile)""},{""condition"":""New"",""supplied by"":""Other"",""quantity of item"":""2"",""item price"":""$2.99"",""item name"":""Large Organic Hass Avocado"",""sold by"":""Whole Foods Market (seller profile)""},{""quantity of item"":""1 (0.68  lb)"",""supplied by"":""Other"",""sold by"":""Whole Foods Market (seller profile)"",""condition"":""New"",""item price"":""$4.49/lb"",""item name"":""Organic Red Bell Pepper,1    Each""},{""supplied by"":""Other"",""condition"":""New"",""item name"":""Organic Green Asparagus"",""quantity of item"":""1 (1.00  lb)"",""sold by"":""Whole Foods Market (seller profile)"",""item price"":""$5.99/lb""}]",111-0056324-0237076,"November 25,2023","November 25,2023",$268.91,$248.96,$9.95
56,2023_11_26_amazon-whole foods-111-1508933-7454613.pdf_0,"[{""item price"":""$6.49"",""condition"":""New"",""quantity of item"":""1"",""item name"":""Cento All-Purpose Crushed Tomatoes, 28 oz"",""supplied by"":""Other"",""sold by"":""Prime Now LLC (seller profile)""},{""condition"":""New"",""supplied by"":""Other"",""sold by"":""Prime Now LLC (seller profile)"",""item name"":""365 by Whole Foods Market, Organic Cannellini Beans, 15.5 Ounce"",""quantity of item"":""1"",""item price"":""$1.79""},{""quantity of item"":""1"",""item price"":""$10.29"",""condition"":""New"",""sold by"":""Prime Now LLC (seller profile)"",""item name"":""YumEarth Organic Tropical Fruit Snacks, 0.7 Ounce (Pack of 10)"",""supplied by"":""Other""},{""item price"":""$4.99"",""item name"":""Earthbound Farm Organic Classic Caesar Salad Kit"",""quantity of item"":""1"",""condition"":""New"",""sold by"":""Prime Now LLC (seller profile)"",""supplied by"":""Other""},{""item name"":""365 by Whole Foods Market, Organic Tomato Sauce, 15 Ounce"",""sold by"":""Prime Now LLC (seller profile)"",""quantity of item"":""1"",""condition"":""New"",""supplied by"":""Other"",""item price"":""$2.29""},{""condition"":""New"",""sold by"":""Prime Now LLC (seller profile)"",""item name"":""365 by Whole Foods Market, Beans Kidney Dark Red No Salt, 15.5 Ounce"",""quantity of item"":""1"",""item price"":""$1.49"",""supplied by"":""Other""},{""item price"":""$5.49"",""supplied by"":""Other"",""item name"":""Chobani\u00ae Low-Fat Vanilla Greek Yogurt, Mixed Berry on the Bottom 5.3oz 4-pack"",""quantity of item"":""1"",""sold by"":""Prime Now LLC (seller profile)"",""condition"":""New""},{""supplied by"":""Other"",""condition"":""New"",""item name"":""SkinnyPop Popcorn, Gluten Free, Dairy Free, Non-GMO, Healthy Snacks, Skinny Pop Original Popcorn Snack Packs, 0.65oz Individual Size Snack Bags (6 Count)"",""item price"":""$6.99"",""sold by"":""Prime Now LLC (seller profile)"",""quantity of item"":""1""},{""sold by"":""Prime Now LLC (seller profile)"",""condition"":""New"",""item name"":""Oroweat Whole Grains 100% Whole Wheat Bread, Wheat Bread Free From Artificial Colors, Flavors and Preservatives, 24 oz Loaf"",""supplied by"":""Other"",""quantity of item"":""1"",""item price"":""$5.49""},{""supplied by"":""Other"",""item name"":""Annie's  Organic   Bunny   Fruit  Flavored   Snacks,   Summer     Strawberry,   Gluten   Free,10    Pouches,7    oz."",""condition"":""New"",""quantity of item"":""1"",""item price"":""$6.99"",""sold by"":""Prime Now LLC (seller profile)""},{""sold by"":""Prime Now LLC (seller profile)"",""supplied by"":""Other"",""condition"":""New"",""item name"":""Wheat Thins Reduced Fat Whole Grain Wheat Crackers, Family Size, 12.5 Oz, 1Count"",""quantity of item"":""1"",""item price"":""$5.49""},{""sold by"":""Prime Now LLC (seller profile)"",""quantity of item"":""1"",""item price"":""$4.99"",""condition"":""New"",""supplied by"":""Other"",""item name"":""Thomas' Original English Muffins Plain 6 count, 13 Ounce""},{""quantity of item"":""1"",""item name"":""Organic Blueberries, 12 Oz"",""supplied by"":""Other"",""item price"":null,""sold by"":""Prime Now LLC (seller profile)"",""condition"":""New""},{""condition"":""New"",""item name"":""365 by Whole Foods Market, Unsalted Black Beans, 15 Ounce"",""sold by"":""Prime Now LLC (seller profile)"",""supplied by"":""Other"",""quantity of item"":""1"",""item price"":""$1.49""},{""quantity of item"":""1"",""supplied by"":""Other"",""item price"":""$4.69"",""sold by"":""Prime Now LLC (seller profile)"",""item name"":""Produce Organic Blackberries, 6 Oz"",""condition"":""New""},{""supplied by"":""Other"",""sold by"":""Prime Now LLC (seller profile)"",""item price"":""$8.49"",""condition"":""New"",""item name"":""Mahatma Extra-Long-Grain Rice 5-Pound Rice Bag, Gluten-Free and Non-GMO White Rice Bulk Bag, 1 Bag of Rice"",""quantity of item"":""1""},{""item price"":""$7.69"",""condition"":""New"",""quantity of item"":""1"",""sold by"":""Prime Now LLC (seller profile)"",""item name"":""Goldfish Flavor Blasted Xtra Cheddar Cheese Crackers, Baked Snack Crackers, 0.9 Oz On-the-Go Snack Packs, 9 Count Tray"",""supplied by"":""Other""},{""supplied by"":""Other"",""quantity of item"":""1"",""item price"":""$4.99"",""condition"":""New"",""sold by"":""Prime Now LLC (seller profile)"",""item name"":""Thomas' Plain Soft & Chewy Pre-Sliced Bagels, 6 count, 3.35 Oz""},{""quantity of item"":null,""supplied by"":null,""sold by"":null,""item name"":""Visa ending in 4734"",""item price"":""$7.00"",""condition"":""November 27, 2023""},{""quantity of item"":null,""condition"":""November 26, 2023"",""sold by"":null,""item name"":""Visa ending in 4734"",""item price"":""$106.37"",""supplied by"":null}]",111-1508933-7454613,"November 25,2023","November 26,2023",$113.37,$99.42,$6.95
57,2023_12_03_amazon-whole foods-114-1849716-0416205.pdf_0,"[{""sold by"":""Whole Foods Market (seller profile)"",""condition"":""New"",""item price"":""$7.99"",""supplied by"":""Other"",""quantity of item"":""2"",""item name"":""SUN NOODLE Miso Ramen Soup Mix, 13.5 OZ""},{""item price"":""$7.39"",""quantity of item"":""1"",""condition"":""New"",""item name"":""gimMe - Sea Salt Organic Roasted Seaweed Sheets Keto, Vegan, Gluten Free Great Source of Iodine & Omega 3's Healthy On-The-Go Snack for Kids Adults 6"",""sold by"":""Whole Foods Market (seller profile)"",""supplied by"":""Other""},{""item price"":""$4.99"",""sold by"":""Whole Foods Market (seller profile)"",""quantity of item"":""1"",""supplied by"":""Other"",""condition"":""New"",""item name"":""365 by Whole Foods Market, Tzatziki, 12 Ounce""},{""condition"":""New"",""supplied by"":""Other"",""quantity of item"":""1"",""item name"":""365 by Whole Foods Market, Baby Bella Sliced Mushrooms, 8 Ounce"",""item price"":""$3.29"",""sold by"":""Whole Foods Market (seller profile)""},{""supplied by"":""Other"",""sold by"":""Whole Foods Market (seller profile)"",""item name"":""Mary's Chicken Organic Bone In Chicken Thighs"",""item price"":""$20.60"",""quantity of item"":""2.75 lb"",""condition"":""New""},{""item price"":""$2.99"",""supplied by"":""Other"",""sold by"":""Whole Foods Market (seller profile)"",""item name"":""365 by Whole Foods Market, Organic Baby Spinach, 5 oz"",""quantity of item"":""1"",""condition"":""New""},{""item price"":null,""condition"":""New"",""item name"":""Produce Organic Red Raspberries, 6 Oz"",""sold by"":""Whole Foods Market (seller profile)"",""supplied by"":""Other"",""quantity of item"":""1""},{""supplied by"":""Other"",""condition"":""New"",""sold by"":""Whole Foods Market (seller profile)"",""item price"":""$8.99"",""quantity of item"":""1"",""item name"":""Clover Sonoma, Organic 2% Reduced Fat Milk, 128 Fl. Oz""},{""item name"":""Organic Ginger Root"",""supplied by"":""Other"",""condition"":""New"",""quantity of item"":""1 (0.23 lb)"",""sold by"":""Whole Foods Market (seller profile)"",""item price"":""$1.38""},{""item name"":""Produce Organic Blackberries, 6 Oz"",""supplied by"":""Other"",""sold by"":""Whole Foods Market (seller profile)"",""condition"":""New"",""item price"":""$4.79"",""quantity of item"":""1""},{""sold by"":""Whole Foods Market (seller profile)"",""item price"":""$30.04"",""quantity of item"":""1.67 lb"",""item name"":""Beef Loin Flank Steak Pasture Raised Step 4"",""condition"":""New"",""supplied by"":""Other""},{""condition"":""New"",""quantity of item"":""1"",""supplied by"":""Other"",""sold by"":""Whole Foods Market (seller profile)"",""item name"":""365 by Whole Foods Market, Organic Low Sodium Chicken Broth, 32 Fl Oz, 365 by Whole Foods Market"",""item price"":""$3.99""},{""item name"":""JUDYS Organic Extra Large Grade AA Eggs, 12 CT"",""supplied by"":""Other"",""condition"":""New"",""item price"":""$6.99"",""quantity of item"":""1"",""sold by"":""Whole Foods Market (seller profile)""},{""quantity of item"":""2"",""item name"":""Ocean's Halo, Organic and Vegan Ramen Broth, 32 Fl Oz"",""supplied by"":""Other"",""item price"":""$5.99"",""sold by"":""Whole Foods Market (seller profile)"",""condition"":""New""},{""quantity of item"":""1"",""item price"":""$5.99"",""item name"":""Organic Strawberries, 1 Lb"",""condition"":""New"",""sold by"":""Whole Foods Market (seller profile)"",""supplied by"":""Other""},{""quantity of item"":""1"",""item name"":""FAGE Total Greek Yogurt, 0% Nonfat, Plain, 32 oz"",""sold by"":""Whole Foods Market (seller profile)"",""item price"":""$6.99"",""condition"":""New"",""supplied by"":""Other""},{""item price"":""$18.99"",""sold by"":""Whole Foods Market (seller profile)"",""quantity of item"":""2"",""condition"":""New"",""supplied by"":""Other""},{""sold by"":""Whole Foods Market (seller profile)"",""quantity of item"":""1"",""item name"":""365 by Whole Foods Market, Beans Refried Fat Free Organic, 16 Ounce"",""item price"":""$1.79"",""condition"":""New"",""supplied by"":""Other""},{""item name"":""365 by Whole Foods Market, Organic Chicken Broth, 32 Fl Oz"",""item price"":""$3.99"",""condition"":""New"",""supplied by"":""Other"",""quantity of item"":""2"",""sold by"":""Whole Foods Market (seller profile)""},{""sold by"":""Whole Foods Market (seller profile)"",""quantity of item"":""1.96 lb"",""supplied by"":""Other"",""condition"":""New"",""item price"":""$19.58"",""item name"":""Pork Loin Chop Bone-In Organic Step 1""},{""quantity of item"":""1"",""supplied by"":""Other"",""item price"":""$3.99"",""item name"":""365 by Whole Foods Market, Garlic Peeled 6Oz Organic, 6 Ounce"",""condition"":""New"",""sold by"":""Whole Foods Market (seller profile)""},{""condition"":""New"",""supplied by"":""Other"",""item price"":""$6.99"",""quantity of item"":""1"",""sold by"":""Whole Foods Market (seller profile)"",""item name"":""Organic Blueberries, 12 Oz""}]",114-1849716-0416205,"December 3,2023","December 3,2023",$244.63,$122.22,$14.95
58,2023_12_11_amazon-whole foods-111-4687994-8257866.pdf_0,"[{""quantity of item"":""1 of: Yasso\u00ae Frozen Greek Yogurt Bars, Mint Chocolate Chip, 3.5 Ounce Bars, 4 Count"",""condition"":""New"",""sold by"":""Whole Foods Market (seller profile)"",""item price"":""$6.99"",""supplied by"":""Other"",""item name"":""Yasso\u00ae Frozen Greek Yogurt Bars, Mint Chocolate Chip, 3.5 Ounce Bars, 4 Count""},{""quantity of item"":""1 of: 365 by Whole Foods Market, Baby Bella Sliced Mushrooms, 8 Ounce"",""supplied by"":""Other"",""item name"":""365 by Whole Foods Market, Baby Bella Sliced Mushrooms, 8 Ounce"",""sold by"":""Whole Foods Market (seller profile)"",""item price"":""$3.29"",""condition"":""New""},{""quantity of item"":""1 of: Diestel, Fresh 99%/1% Organic Ground Turkey Breast, 1 lb"",""item name"":""Diestel, Fresh 99%/1% Organic Ground Turkey Breast, 1 lb"",""condition"":""New"",""item price"":""$10.99"",""sold by"":""Whole Foods Market (seller profile)"",""supplied by"":""Other""},{""item price"":""$5.93"",""condition"":""New"",""item name"":""Immaculate Baking Organic Flaky Biscuits, 8 Biscuits"",""quantity of item"":""1 of: Immaculate Baking Organic Flaky Biscuits, 8 Biscuits"",""sold by"":""Whole Foods Market (seller profile)"",""supplied by"":""Other""},{""item name"":""Potato Sweet Orange Organic"",""sold by"":""Whole Foods Market (seller profile)"",""item price"":""$5.33"",""condition"":""New"",""supplied by"":""Other"",""quantity of item"":""3 (2.14 lb) of: Potato Sweet Orange Organic""},{""condition"":""New"",""item name"":""SkinnyPop Popcorn White Cheddar Snack Packs, Halloween Snacks for Kids, 0.65 Oz, 6 Count"",""supplied by"":""Other"",""sold by"":""Whole Foods Market (seller profile)"",""item price"":""$7.99"",""quantity of item"":""1 of: SkinnyPop Popcorn White Cheddar Snack Packs, Halloween Snacks for Kids, 0.65 Oz, 6 Count""},{""quantity of item"":""1 of: Organic Strawberries, 1 Lb"",""item price"":""$6.99"",""condition"":""New"",""item name"":""Organic Strawberries, 1 Lb"",""supplied by"":""Other"",""sold by"":""Whole Foods Market (seller profile)""},{""quantity of item"":""3.66 lb of: Mary's Chicken Organic Bone In Chicken Thighs"",""condition"":""New"",""item price"":""$27.41"",""sold by"":""Whole Foods Market (seller profile)"",""supplied by"":""Other"",""item name"":""Mary's Chicken Organic Bone In Chicken Thighs""},{""item name"":""Organic Red Bell Pepper, 1 Each"",""condition"":""New"",""supplied by"":""Other"",""quantity of item"":""1 (0.40 lb) of: Organic Red Bell Pepper, 1 Each"",""item price"":""$1.80"",""sold by"":""Whole Foods Market (seller profile)""},{""quantity of item"":""1 of: 365 by Whole Foods Market, Organic Dark Red Kidney Beans, 15.5 Ounce"",""item name"":""365 by Whole Foods Market, Organic Dark Red Kidney Beans, 15.5 Ounce"",""condition"":""New"",""sold by"":""Whole Foods Market (seller profile)"",""supplied by"":""Other"",""item price"":""$1.79""},{""supplied by"":""Other"",""quantity of item"":""1 of: Yasso\u00ae Frozen Greek Yogurt Bars, Fudge Brownie, 3.5 Ounce Bars, 4 Count"",""sold by"":""Whole Foods Market (seller profile)"",""item price"":""$6.99"",""condition"":""New"",""item name"":""Yasso\u00ae Frozen Greek Yogurt Bars, Fudge Brownie, 3.5 Ounce Bars, 4 Count""},{""item price"":""$1.49"",""quantity of item"":""1 of: 365 by Whole Foods Market, Sauce Tomato Organic, 8 Ounce"",""item name"":""365 by Whole Foods Market, Sauce Tomato Organic, 8 Ounce"",""supplied by"":""Other"",""condition"":""New"",""sold by"":""Whole Foods Market (seller profile)""},{""quantity of item"":""1 of: Yasso Frozen Greek Yogurt Bars, Chocolate Chip Cookie Dough, 3.5 Ounce Bars, 4 Count"",""item price"":""$6.99"",""condition"":""New"",""supplied by"":""Other"",""sold by"":""Whole Foods Market (seller profile)"",""item name"":""Yasso Frozen Greek Yogurt Bars, Chocolate Chip Cookie Dough, 3.5 Ounce Bars, 4 Count""},{""supplied by"":""Other"",""quantity of item"":""1 of: 365 by Whole Foods Market, Organic Cannellini Beans, 15.5 Ounce"",""sold by"":""Whole Foods Market (seller profile)"",""condition"":""New"",""item price"":""$1.79"",""item name"":""365 by Whole Foods Market, Organic Cannellini Beans, 15.5 Ounce""},{""condition"":""New"",""sold by"":""Whole Foods Market (seller profile)"",""item name"":""365 by Whole Foods Market, Organic Spicy Black Beans, 15 Ounce"",""supplied by"":""Other"",""item price"":""$1.79"",""quantity of item"":""1 of: 365 by Whole Foods Market, Organic Spicy Black Beans, 15 Ounce""},{""condition"":""New"",""quantity of item"":""1 of: 365 by Whole Foods Market, Oven-Roasted Turkey Breast Deli Slices, Value Pack, 98% Lean, 14 Ounce"",""item name"":""365 by Whole Foods Market, Oven-Roasted Turkey Breast Deli Slices, Value Pack, 98% Lean, 14 Ounce"",""sold by"":""Whole Foods Market (seller profile)"",""supplied by"":""Other"",""item price"":""$8.99""},{""sold by"":""Whole Foods Market (seller profile)"",""supplied by"":""Other"",""item price"":""$16.99"",""condition"":""New""},{""item name"":""produce aisle Organic Banana"",""sold by"":""Whole Foods Market (seller profile)"",""item price"":""$2.10"",""quantity of item"":""5 (2.12 lb) of: produce aisle Organic Banana"",""condition"":""New"",""supplied by"":""Other""},{""item price"":""$4.99"",""sold by"":""Whole Foods Market (seller profile)"",""quantity of item"":""1 of: 365 by Whole Foods Market, Salad Bag Kit Classic Caesar Organic, 7.8 Ounce"",""condition"":""New"",""item name"":""365 by Whole Foods Market, Salad Bag Kit Classic Caesar Organic, 7.8 Ounce"",""supplied by"":""Other""},{""item name"":""Organic Broccoli, 1 Each"",""supplied by"":""Other"",""item price"":""$2.66"",""quantity of item"":""1 (0.89 lb) of: Organic Broccoli, 1 Each"",""sold by"":""Whole Foods Market (seller profile)"",""condition"":""New""},{""supplied by"":""Other"",""item price"":""$6.39"",""quantity of item"":""1 of: 365 by Whole Foods Market, Organic Golden Round Crackers, 12 Ounce"",""sold by"":""Whole Foods Market (seller profile)"",""condition"":""New"",""item name"":""365 by Whole Foods Market, Organic Golden Round Crackers, 12 Ounce""},{""item name"":""Bianco Dinapoli Organic Crushed Tomatoes, 28 OZ"",""condition"":""New"",""item price"":""$5.79"",""sold by"":""Whole Foods Market (seller profile)"",""quantity of item"":""1 of: Bianco Dinapoli Organic Crushed Tomatoes, 28 OZ"",""supplied by"":""Other""},{""sold by"":""Whole Foods Market (seller profile)"",""condition"":""New"",""quantity of item"":""1 of: JUDYS    Organic   Extra  Large   Grade   AA  Eggs,12     CT"",""supplied by"":""Other"",""item price"":""$6.99"",""item name"":""JUDYS    Organic   Extra  Large   Grade   AA  Eggs,12     CT""},{""supplied by"":""Other"",""item price"":""$7.99"",""item name"":""SkinnyPop     Popcorn,   Gluten   Free,  Dairy  Free,  Non-GMO,      Healthy   Snacks,   Skinny   Pop  Original   Popcorn   Snack"",""quantity of item"":""1 of: SkinnyPop     Popcorn,   Gluten   Free,  Dairy  Free,  Non-GMO,      Healthy   Snacks,   Skinny   Pop  Original   Popcorn   Snack"",""sold by"":""Whole Foods Market (seller profile)"",""condition"":""New""},{""condition"":""New"",""supplied by"":""Other"",""item price"":""$6.99"",""item name"":""JUDYS Organic Extra Large Grade AA Eggs,12 CT"",""quantity of item"":""1"",""sold by"":""Whole Foods Market (seller profile)""},{""item price"":""$7.99"",""sold by"":""Whole Foods Market (seller profile)"",""item name"":""SkinnyPop Popcorn, Gluten Free, Dairy Free, Non-GMO, Healthy Snacks, Skinny Pop Original Popcorn Snack Packs,0.65oz Individual Size Snack Bags (6 Count)"",""supplied by"":""Other"",""condition"":""New"",""quantity of item"":""1""},{""condition"":""New"",""item name"":""Organic Yellow Onion"",""supplied by"":""Other"",""quantity of item"":""2 (1.86 lb)"",""sold by"":""Whole Foods Market (seller profile)"",""item price"":""$4.63""},{""sold by"":""Whole Foods Market (seller profile)"",""item price"":""$12.68"",""item name"":""Mary's Chicken Organic Boneless Skinless Chicken Thighs"",""supplied by"":""Other"",""quantity of item"":""1.41 lb"",""condition"":""New""},{""sold by"":""Whole Foods Market (seller profile)"",""quantity of item"":""1"",""item name"":""Produce Organic Red Raspberries,6 Oz"",""item price"":""$4.99"",""condition"":""New"",""supplied by"":""Other""}]",111-4687994-8257866,"December 11,2023","December 11,2023",$219.69,$199.74,$9.95
59,2023_12_17_amazon-fresh-111-1687189-8288235.pdf_0,"[{""item name"":""Columbus, Sliced Italian Dry Salame, 12 oz"",""condition"":""New"",""quantity of item"":""1"",""supplied by"":""Other"",""sold by"":""Prime Now LLC (seller profile)"",""item price"":""$10.49""},{""item name"":""Thomas' Original English Muffins Plain 6 count, 13 Ounce"",""sold by"":""Prime Now LLC (seller profile)"",""condition"":""New"",""supplied by"":""Other"",""quantity of item"":""1"",""item price"":""$4.99""},{""item name"":""Tillamook Medium Cheddar Cheese Block, 2lb"",""condition"":""New"",""supplied by"":""Other"",""sold by"":""Prime Now LLC (seller profile)"",""item price"":""$14.29"",""quantity of item"":""1""},{""supplied by"":""Other"",""item price"":""$7.99"",""sold by"":""Prime Now LLC (seller profile)"",""condition"":""New"",""quantity of item"":""1"",""item name"":""Organic Strawberries, 1 Lb""},{""item name"":""YumEarth Organic Tropical Fruit Snacks, 0.7 Ounce (Pack of 10)"",""supplied by"":""Other"",""quantity of item"":""1"",""item price"":""$10.29"",""condition"":""New"",""sold by"":""Prime Now LLC (seller profile)""},{""quantity of item"":""1"",""condition"":""New"",""item name"":""Annie's Organic Bunny Fruit Flavored Snacks, Summer Strawberry, Gluten Free, 10 Pouches, 7 oz."",""sold by"":""Prime Now LLC (seller profile)"",""item price"":""$7.29"",""supplied by"":""Other""},{""quantity of item"":""1"",""item name"":""Chobani\u00ae Low-Fat Vanilla Greek Yogurt, Mixed Berry on the Bottom 5.3oz 4-pack"",""sold by"":""Prime Now LLC (seller profile)"",""condition"":""New"",""item price"":""$5.49"",""supplied by"":""Other""},{""supplied by"":""Other"",""quantity of item"":""1"",""item name"":""bakerly Hand Braided Brioche, 14.11 oz."",""item price"":""$7.99"",""condition"":""New"",""sold by"":""Prime Now LLC (seller profile)""},{""item price"":""$4.99"",""sold by"":""Prime Now LLC (seller profile)"",""condition"":""New"",""quantity of item"":""1"",""item name"":""Earthbound Farm Organic Classic Caesar Salad Kit"",""supplied by"":""Other""},{""sold by"":""Prime Now LLC (seller profile)"",""item price"":""$2.99"",""item name"":""Daisy, Sour Cream, Light, 16 oz"",""quantity of item"":""1"",""condition"":""New"",""supplied by"":""Other""},{""condition"":""New"",""item name"":""Quaker, Oatmeal Breakfast Cereal, 14.5 Oz"",""item price"":""$5.79"",""supplied by"":""Other"",""sold by"":""Prime Now LLC (seller profile)"",""quantity of item"":""1""},{""item price"":""$7.29"",""supplied by"":""Other"",""quantity of item"":""1"",""sold by"":""Prime Now LLC (seller profile)"",""condition"":""New"",""item name"":""Heinz Tomato Ketchup (32 oz Bottle)""},{""quantity of item"":""1"",""item price"":""$10.29"",""condition"":""New"",""sold by"":""Prime Now LLC (seller profile)"",""item name"":""St. Pierre, Sliced Brioche Loaf, 17.6 Oz"",""supplied by"":""Other""},{""quantity of item"":""1"",""sold by"":""Prime Now LLC (seller profile)"",""supplied by"":""Other"",""condition"":""New"",""item price"":""$4.99"",""item name"":""Thomas' Plain Soft & Chewy Pre-Sliced Bagels, 6 count, 3.35 Oz""},{""supplied by"":""Other"",""quantity of item"":""1"",""sold by"":""Prime Now LLC (seller profile)"",""item name"":""GoGo squeeZ Fruit on the Go Variety Pack, Apple & Gimme Five!, 3.2 oz (Pack of 12), Unsweetened Fruit Snacks for Kids, Gluten Free, Nut Free and Dairy Free, Recloseable Cap, BPA Free Pouches"",""condition"":""New"",""item price"":""$10.49""},{""sold by"":""Prime Now LLC (seller profile)"",""item name"":""Cedar's Foods, Cucumber Garlic Tzatziki, 12 oz"",""quantity of item"":""1"",""item price"":""$5.79"",""supplied by"":""Other"",""condition"":""New""},{""item name"":""Produce Organic Blackberries, 6 Oz"",""supplied by"":""Other"",""item price"":""$4.69"",""quantity of item"":""1"",""sold by"":""Prime Now LLC (seller profile)"",""condition"":""New""},{""condition"":""New"",""item price"":""$6.69"",""supplied by"":""Other"",""sold by"":""Prime Now LLC (seller profile)"",""quantity of item"":""1"",""item name"":""Kodiak Cakes Power Cakes All Natural Non GMO Protein Pancake/Flapjack/Waffle Mix, Buttermilk, 20 Ounce""},{""item name"":""Goldfish Flavor Blasted Xtra Cheddar Cheese Crackers, Baked Snack Crackers, 0.9 oz On-the-Go Snack Packs, 9 Count Tray"",""item price"":""$7.49"",""supplied by"":""Other"",""sold by"":""Prime Now LLC (seller profile)"",""quantity of item"":""1"",""condition"":""New""},{""item price"":""$9.29"",""item name"":""Vital Farms Organic Pasture Raised Eggs Large Brown, 12 Count"",""condition"":""New"",""quantity of item"":""1"",""sold by"":""Prime Now LLC (seller profile)"",""supplied by"":""Other""},{""supplied by"":""Other"",""item name"":""Quaker Instant Oatmeal, Strawberries & Cream, 8.4 Oz"",""quantity of item"":""1"",""sold by"":""Prime Now LLC (seller profile)"",""condition"":""New"",""item price"":""$5.69""},{""item name"":""Early California, Ripe Pitted, Medium, Black Olives, 6 Ounce"",""item price"":""$2.59"",""condition"":""New"",""sold by"":""Prime Now LLC (seller profile)"",""quantity of item"":""1"",""supplied by"":""Other""},{""sold by"":""Prime Now LLC (seller profile)"",""item name"":""Produce Organic Red Raspberries,6 Oz"",""quantity of item"":""1"",""supplied by"":""Other"",""condition"":""New"",""item price"":""$4.69""}]",111-1687189-8288235,"December 16,2023","December 17,2023",$169.32,$162.57,$0.00
60,2023_12_17_amazon-whole foods-111-4996918-5418650.pdf_0,"[{""item name"":""Organic Red Bell Pepper"",""item price"":""($4.49/lb) $2.29"",""sold by"":""Whole Foods Market (seller profile)"",""supplied by"":""Other"",""condition"":""New"",""quantity of item"":""1 (0.51 lb)""},{""supplied by"":""Other"",""condition"":""New"",""sold by"":""Whole Foods Market (seller profile)"",""quantity of item"":""1"",""item price"":""$2.49"",""item name"":""Large Organic Hass Avocado""},{""supplied by"":""Other"",""sold by"":""Whole Foods Market (seller profile)"",""quantity of item"":""1 (1.30 lb)"",""item price"":null,""condition"":""New"",""item name"":""Organic Broccoli""},{""item name"":""Clover Sonoma, Organic 2% Reduced Fat Milk, 128 Fl. Oz"",""sold by"":""Whole Foods Market (seller profile)"",""quantity of item"":""1"",""supplied by"":""Other"",""item price"":""$8.99"",""condition"":""New""},{""supplied by"":""Other"",""item name"":""Produce Organic Blackberries, 6 Oz"",""condition"":""New"",""item price"":""$3.50"",""sold by"":""Whole Foods Market (seller profile)"",""quantity of item"":""1""},{""quantity of item"":""1"",""sold by"":""Whole Foods Market (seller profile)"",""item price"":""$4.99"",""supplied by"":""Other"",""item name"":""Organic Mini Cucumbers, 1 lb"",""condition"":""New""},{""item price"":""$6.39"",""sold by"":""Whole Foods Market (seller profile)"",""item name"":""365 by Whole Foods Market, Organic Golden Round Crackers, 12 Ounce"",""supplied by"":""Other"",""condition"":""New"",""quantity of item"":""1""},{""item name"":""365 by Whole Foods Market, Bean Green Microwave Trimmed Organic, 12 Ounce"",""condition"":""New"",""sold by"":""Whole Foods Market (seller profile)"",""item price"":""$4.29"",""supplied by"":""Other"",""quantity of item"":""1""},{""sold by"":""Whole Foods Market (seller profile)"",""item price"":""($9.99/lb) $18.98"",""quantity of item"":""1.90 lb"",""item name"":""Pork Loin Chop Bone-In Organic Step 1"",""supplied by"":""Other"",""condition"":""New""},{""condition"":""New"",""quantity of item"":""1"",""item price"":""$13.99"",""supplied by"":""Other"",""sold by"":""Whole Foods Market (seller profile)""},{""supplied by"":""Other"",""condition"":""New"",""item name"":""Organic Strawberries,1 Lb"",""item price"":""$6.99"",""quantity of item"":""2"",""sold by"":""Whole Foods Market (seller profile)""},{""sold by"":""Whole Foods Market (seller profile)"",""item name"":""JUDYS Organic Extra Large Grade AA Eggs,12 CT"",""item price"":""$6.99"",""condition"":""New"",""supplied by"":""Other"",""quantity of item"":""1""},{""item price"":""$3.99"",""supplied by"":""Other"",""condition"":""New"",""item name"":""365 by Whole Foods Market, Garlic Peeled 6Oz Organic,6 Ounce"",""sold by"":""Whole Foods Market (seller profile)"",""quantity of item"":""1""},{""quantity of item"":""1"",""condition"":""New"",""item name"":""Whole Foods Market, Mini Quiche Trio,15 ct, (Frozen)"",""sold by"":""Whole Foods Market (seller profile)"",""supplied by"":""Other"",""item price"":""$7.49""},{""quantity of item"":""1"",""condition"":""New"",""item name"":""365 by Whole Foods Market, Organic Unsweetened Apple Sauce,24 Ounce"",""sold by"":""Whole Foods Market (seller profile)"",""supplied by"":""Other"",""item price"":""$3.69""},{""quantity of item"":""1"",""item name"":""SEMIFREDDI Cinnamon Challah Twist,16 OZ"",""item price"":""$6.00"",""sold by"":""Whole Foods Market (seller profile)"",""supplied by"":""Other"",""condition"":""New""},{""sold by"":""Whole Foods Market (seller profile)"",""supplied by"":""Other"",""condition"":""New"",""quantity of item"":""1"",""item name"":""365 by Whole Foods Market, Organic Baby Spinach,5 oz"",""item price"":""$2.99""}]",111-4996918-5418650,"December 16,2023","December 17, 2023",$136.02,$119.07,$9.95
61,2023_12_18_amazon-fresh-114-3542376-2905054.pdf_0,"[{""quantity of item"":""1"",""item name"":""Ziploc  Sandwich    and  Snack    Bags,  Storage   Bags   for On  the  Go  Freshness,    Grip  'n Seal  Technology    for  Easier  Grip, Open,   and    $3.99 Close,90     Count"",""supplied by"":""Other"",""condition"":""New"",""sold by"":""Amazon.com Services, Inc"",""item price"":""$3.99""}]",114-3542376-2905054,"December 17,2023","December 18,2023",$4.33,$3.99,$0.00
62,2023_12_30_amazon-whole foods-111-3277080-5446630.pdf_0,"[{""item price"":""$4.39"",""supplied by"":""Other"",""quantity of item"":""1 of"",""item name"":""Simply Orange Juice, 52 fl oz, 100% Juice Not from Concentrate, Pulp Free"",""sold by"":""Prime Now LLC (seller profile)"",""condition"":""New""},{""quantity of item"":""1 of"",""sold by"":""Prime Now LLC (seller profile)"",""supplied by"":""Other"",""item name"":""Thomas' Plain Soft & Chewy Pre-Sliced Bagels, 6 count, 3.35 Oz"",""condition"":""New"",""item price"":""$4.99""},{""quantity of item"":""1 of"",""item price"":""$2.59"",""condition"":""New"",""item name"":""Organic Red Bell Pepper, 1 Each"",""sold by"":""Prime Now LLC (seller profile)"",""supplied by"":""Other""},{""condition"":""New"",""sold by"":""Prime Now LLC (seller profile)"",""supplied by"":""Other"",""item price"":""$10.49"",""quantity of item"":""1 of"",""item name"":""St. Pierre, Sliced Brioche Loaf, 17.6 Oz""},{""sold by"":""Prime Now LLC (seller profile)"",""item price"":""$2.79"",""condition"":""New"",""supplied by"":""Other"",""quantity of item"":""1 of"",""item name"":""Organic Yellow Bell Pepper, 1 Each""},{""condition"":""New"",""sold by"":""Prime Now LLC (seller profile)"",""item name"":""Early California, Ripe Pitted, Medium, Black Olives, 6 Ounce"",""quantity of item"":""1 of"",""item price"":""$2.39"",""supplied by"":""Other""},{""supplied by"":""Other"",""quantity of item"":""1 of"",""condition"":""New"",""item name"":""Mission Burrito Flour Tortillas, Large Size, 16 Count, Trans Fat Free"",""sold by"":""Prime Now LLC (seller profile)"",""item price"":""$6.69""},{""sold by"":""Prime Now LLC (seller profile)"",""quantity of item"":""1 of"",""condition"":""New"",""item name"":""365 By Whole Foods Market, Milk 2% Organic, 128 Fl Oz"",""item price"":""$7.29"",""supplied by"":""Other""},{""item price"":""$2.19"",""condition"":""New"",""quantity of item"":""1 of"",""sold by"":""Prime Now LLC (seller profile)"",""supplied by"":""Other"",""item name"":""Taylor Farms Baby Spinach, 6 oz Bag""},{""condition"":""null"",""supplied by"":""Other"",""quantity of item"":""1 of"",""sold by"":""Prime Now LLC (seller profile)"",""item price"":""$4.99"",""item name"":""Thomas' Original English Muffins, 6 count, 13 oz""},{""condition"":""New"",""quantity of item"":""1 of"",""sold by"":""Prime Now LLC (seller profile)"",""supplied by"":""Other"",""item price"":""$7.79"",""item name"":""Cheerios Multi Grain Cheerios Heart Healthy Cereal, 18 OZ Family Size Cereal Box""},{""sold by"":""Prime Now LLC (seller profile)"",""item price"":""$5.48"",""supplied by"":""Other"",""quantity of item"":""1 of"",""item name"":""San Luis Sourdough Bread, 24 Oz"",""condition"":""New""},{""quantity of item"":""1 of"",""item price"":""$5.79"",""sold by"":""Prime Now LLC (seller profile)"",""supplied by"":""Other"",""item name"":""Cedar's Foods, Cucumber Garlic Tzatziki, 12 oz"",""condition"":""New""},{""condition"":""New"",""quantity of item"":""1 of"",""sold by"":""Prime Now LLC (seller profile)"",""item price"":""$5.79"",""item name"":""Quaker Instant Oatmeal, Strawberries & Cream, 8.4 Oz"",""supplied by"":""Other""},{""item price"":""$8.29"",""sold by"":""Prime Now LLC (seller profile)"",""supplied by"":""Other"",""condition"":""New"",""quantity of item"":""1 of"",""item name"":""Organic Strawberries, 1 Lb""},{""supplied by"":""Other"",""item name"":""Oroweat Whole Grains 100% Whole Wheat Bread, Wheat Bread Free From Artificial Colors, Flavors and Preservatives, 24 oz Loaf"",""item price"":""$5.49"",""sold by"":""Prime Now LLC (seller profile)"",""quantity of item"":""1 of"",""condition"":""New""},{""supplied by"":""Other"",""item price"":""$5.49"",""sold by"":""Prime Now LLC (seller profile)"",""item name"":""Chobani\u00ae Low-Fat Vanilla Greek Yogurt, Mixed Berry on the Bottom 5.3oz 4-pack"",""condition"":""New"",""quantity of item"":""1 of""},{""item name"":""Columbus Italian Dry Salami, Sliced Charcuterie Meat, 12Oz Pack"",""item price"":""$10.49"",""supplied by"":""Other"",""sold by"":""Prime Now LLC (seller profile)"",""quantity of item"":""1 of"",""condition"":""New""},{""sold by"":""Prime Now LLC (seller profile)"",""item price"":""$9.49"",""condition"":""New"",""quantity of item"":""1 of"",""supplied by"":""Other"",""item name"":""Organic Blueberries, 12 Oz""},{""sold by"":""Prime Now LLC (seller profile)"",""item name"":""Produce Organic Blackberries, 6 Oz"",""item price"":""$4.69"",""quantity of item"":""1 of"",""supplied by"":""Other"",""condition"":""New""},{""quantity of item"":""1 of"",""condition"":""New"",""item price"":""$4.29"",""item name"":""LaCroix Sparkling Water, Pamplemousse (Grapefruit), 12 Fl Oz (pack of 8)"",""supplied by"":""Other"",""sold by"":""Prime Now LLC (seller profile)""},{""item price"":""$7.49"",""item name"":""Goldfish Flavor Blasted Xtra Cheddar Cheese Crackers, Baked Snack Crackers, 0.9 oz On-the-Go Snack Packs, 9 Count Tray"",""supplied by"":""Other"",""quantity of item"":""1 of"",""sold by"":""Prime Now LLC (seller profile)"",""condition"":""null""},{""condition"":""New"",""quantity of item"":""1 of"",""item price"":""$11.79"",""sold by"":""Prime Now LLC (seller profile)"",""supplied by"":""Other""},{""condition"":""New"",""quantity of item"":""5 of"",""supplied by"":""Other"",""sold by"":""Prime Now LLC (seller profile)"",""item price"":""$1.79"",""item name"":""Organic   Honeycrisp    Apple,1    Each""},{""supplied by"":""Other"",""item price"":""$2.69"",""quantity of item"":""1 of"",""condition"":""New"",""sold by"":""Prime Now LLC (seller profile)"",""item name"":""Large   Organic   Hass  Avocado""},{""sold by"":""Prime Now LLC (seller profile)"",""item name"":""GoGo   squeeZ    Fruit on  the  Go  Variety  Pack,  Apple   &  Gimme    Five!,3.2   oz  (Pack  of  12), Unsweetened      Fruit Snacks    for Kids"",""condition"":""New"",""supplied by"":""Other"",""item price"":""$null"",""quantity of item"":""1 of""},{""item name"":""Large   Organic   Hass  Avocado"",""item price"":""$2.69"",""sold by"":""Prime Now LLC (seller profile)"",""quantity of item"":""1"",""condition"":""New"",""supplied by"":""Other""},{""item name"":""GoGo   squeeZ    Fruit on  the  Go  Variety  Pack,  Apple   &  Gimme    Five!,3.2   oz  (Pack  of  12), Unsweetened      Fruit Snacks    for Kids, Gluten  Free,  Nut  Free  and   Dairy  Free,  Recloseable    Cap,  BPA  Free   Pouches"",""supplied by"":""Other"",""quantity of item"":""1"",""sold by"":""Prime Now LLC (seller profile)"",""item price"":""$10.49"",""condition"":""New""},{""condition"":""New"",""item name"":""organicgirl  Organic    True  Hearts  Butter   Plus,4   oz"",""sold by"":""Prime Now LLC (seller profile)"",""quantity of item"":""1"",""supplied by"":""Other"",""item price"":""$4.49""},{""quantity of item"":""1"",""sold by"":""Prime Now LLC (seller profile)"",""item name"":""Organic   Bananas    Bunch"",""item price"":""$1.99"",""supplied by"":""Other"",""condition"":""New""}]",111-3277080-5446630,"December 29,2023","December 30,2023",$179.57,$169.77,$0.00
63,2024_01_02_amazon-whole foods-111-2024331-6233811.pdf_0,"[{""sold by"":""Prime Now LLC (seller profile)"",""item name"":""365 by Whole Foods Market, Organic Grade A Amber Maple Syrup, 32 Fl Oz"",""item price"":""$19.99"",""condition"":""New"",""supplied by"":""Other"",""quantity of item"":""1""},{""item price"":""$6.99"",""item name"":""SkinnyPop Popcorn, Gluten Free, Dairy Free, Non-GMO, Healthy Snacks, Skinny Pop Original Popcorn Snack Packs, 0.65oz Individual Size Snack Bags (6 Count)"",""supplied by"":""Other"",""condition"":""New"",""quantity of item"":""1"",""sold by"":""Prime Now LLC (seller profile)""},{""sold by"":""Prime Now LLC (seller profile)"",""condition"":""New"",""item price"":""$11.79"",""supplied by"":""Other"",""quantity of item"":""1""},{""sold by"":""Prime Now LLC (seller profile)"",""quantity of item"":""1"",""supplied by"":""Other"",""item price"":""$9.29"",""item name"":""Vital Farms Organic Pasture Raised Eggs Large Brown, 12 Count"",""condition"":""New""},{""item name"":""St. Pierre, Sliced Brioche Loaf, 17.6 Oz"",""sold by"":""Prime Now LLC (seller profile)"",""supplied by"":""Other"",""item price"":""$10.49"",""quantity of item"":""1"",""condition"":""New""},{""supplied by"":""Other"",""item price"":""$8.29"",""item name"":""Organic Strawberries, 1 Lb"",""sold by"":""Prime Now LLC (seller profile)"",""condition"":""New"",""quantity of item"":""1""},{""supplied by"":""Other"",""condition"":""New"",""item price"":""$7.79"",""sold by"":""Prime Now LLC (seller profile)"",""item name"":""bakerly Hand Braided Brioche, 14.11 oz."",""quantity of item"":""1""},{""item price"":""$7.29"",""sold by"":""Prime Now LLC (seller profile)"",""condition"":""New"",""quantity of item"":""1"",""item name"":""Kellogg's Frosted Mini-Wheats Cold Breakfast Cereal, High-Fiber, Whole Grain, Family Size, Strawberry, 22oz Box (1 Box)"",""supplied by"":""Other""},{""supplied by"":""Other"",""quantity of item"":""1"",""item name"":""Large Organic Hass Avocado"",""sold by"":""Prime Now LLC (seller profile)"",""item price"":""$2.69"",""condition"":""New""},{""item price"":""$4.69"",""quantity of item"":""1"",""condition"":""New"",""sold by"":""Prime Now LLC (seller profile)"",""item name"":""Produce Organic Red Raspberries, 6 Oz"",""supplied by"":""Other""}]",111-2024331-6233811,"January 1,2024","January 2, 2024",$96.25,$89.30,$6.95
64,2024_01_03_amazon-whole foods-114-1680776-5985021.pdf_0,"[{""quantity of item"":""1"",""condition"":""New"",""item price"":""$10.29"",""sold by"":""Whole Foods Market (seller profile)"",""supplied by"":""Other"",""item name"":""SANTA CRUZ ORGANIC Organic Dark Roasted Creamy Peanut Butter, 26 OZ""},{""item price"":""$1.49"",""quantity of item"":""1"",""sold by"":""Whole Foods Market (seller profile)"",""supplied by"":""Other"",""item name"":""365 by Whole Foods Market, Unsalted Black Beans, 15 Ounce"",""condition"":""New""},{""item price"":""$6.11"",""condition"":""New"",""quantity of item"":""1"",""sold by"":""Whole Foods Market (seller profile)"",""item name"":""Beyond Meat Beyond Sausage Plant-Based Dinner Sausage Links, Brat Original 14 oz"",""supplied by"":""Other""},{""item price"":""$4.19"",""sold by"":""Whole Foods Market (seller profile)"",""condition"":""New"",""quantity of item"":""1"",""supplied by"":""Other"",""item name"":""Pacific Foods Organic Low Sodium Vegetable Broth, 32 oz""},{""item name"":""Beyond Meat, Plant-Based Patties, Vegan, 8 Oz, 2 Patties"",""supplied by"":""Other"",""condition"":""New"",""quantity of item"":""2"",""sold by"":""Whole Foods Market (seller profile)"",""item price"":""$5.99""},{""item name"":""FRONTIER HERB YEAST PREMIUM NUTRITIONAL 3.6 OZ"",""quantity of item"":""1"",""sold by"":""Whole Foods Market (seller profile)"",""condition"":""New"",""item price"":""$5.12"",""supplied by"":""Other""},{""sold by"":""Whole Foods Market (seller profile)"",""item price"":""$4.31"",""item name"":""Kite Hill Almond Milk Sour Cream Alternative, 12 Ounces, Gluten Free, Non-GMO, Vegan"",""quantity of item"":""1"",""supplied by"":""Other"",""condition"":""New""},{""quantity of item"":""1"",""supplied by"":""Other"",""condition"":""New"",""sold by"":""Whole Foods Market (seller profile)"",""item price"":""$2.60"",""item name"":""Kikkoman Panko Japanese Style Bread Crumbs, 8 Oz""},{""quantity of item"":""1"",""item price"":""$3.59"",""condition"":""New"",""sold by"":""Whole Foods Market (seller profile)"",""supplied by"":""Other"",""item name"":""Spicely Organic Herbs De Provence Seasoning 0.1 Oz Certified Gluten-Free""},{""item price"":""$1.62"",""supplied by"":""Other"",""condition"":""New"",""sold by"":""Whole Foods Market (seller profile)"",""quantity of item"":""1 (0.36 lb)"",""item name"":""Organic Red Bell Pepper, 1 Each""},{""condition"":""New"",""sold by"":""Whole Foods Market (seller profile)"",""supplied by"":""Other"",""item price"":""$3.49"",""item name"":""365 by Whole Foods Market, Soy Milk Unsweetened Organic, 64 Fl Oz"",""quantity of item"":""1""},{""condition"":""New"",""supplied by"":""Other"",""quantity of item"":""1 (0.36 lb)"",""item price"":""$1.62"",""sold by"":""Whole Foods Market (seller profile)"",""item name"":""Organic Yellow Bell Pepper, 1 Each""},{""item price"":""$1.79"",""quantity of item"":""1 (0.60 lb)"",""supplied by"":""Other"",""item name"":""Leeks Organic, 1 Each"",""condition"":""New"",""sold by"":""Whole Foods Market (seller profile)""},{""quantity of item"":null,""supplied by"":""Other"",""item price"":""$9.99"",""condition"":""New 1 of: Kite Hill Plain Unsweetened Almond Milk Yogurt, 32 Ounces, Dairy Free, Live and Active Cultures, Gluten Free, Non-GMO, Vegan"",""sold by"":""Whole Foods Market (seller profile)"",""item name"":null},{""item name"":null,""supplied by"":""Other"",""quantity of item"":null,""item price"":""$8.99"",""condition"":""New 1 of: Beyond Meat Beyond Beef Plant-Based Ground 16 oz"",""sold by"":""Whole Foods Market (seller profile)""},{""item price"":null,""condition"":""New"",""supplied by"":""Other"",""sold by"":""Whole Foods Market (seller profile)"",""quantity of item"":""1"",""item name"":""365 by Whole Foods Market, Organic No Salt Added Whole Kernel Corn, 15.25 Ounce""},{""item name"":""Mushroom Baby Bella Brown Organic"",""item price"":""$4.28"",""condition"":""New"",""supplied by"":""Other"",""sold by"":""Whole Foods Market (seller profile)"",""quantity of item"":""0.66 lb""},{""sold by"":""Whole Foods Market (seller profile)"",""quantity of item"":""3 (2.60 lb)"",""condition"":""New"",""item price"":""$6.47"",""supplied by"":""Other"",""item name"":""Potato Sweet Orange Organic""},{""condition"":""New"",""item name"":""Follow Your Heart Original Vegenaise, 16 oz"",""quantity of item"":""1"",""supplied by"":""Other"",""item price"":""$5.69"",""sold by"":""Whole Foods Market (seller profile)""},{""supplied by"":""Other"",""sold by"":""Whole Foods Market (seller profile)"",""item name"":""MIYOKO'S CREAMERY Organic Salted Vegan Butter, European Style Cultured Plant Milk Butter, 8 Ounce (Pack of 1)"",""quantity of item"":""1"",""condition"":""New"",""item price"":""$5.99""},{""item price"":null,""quantity of item"":""1"",""condition"":""New"",""sold by"":""Whole Foods Market (seller profile)"",""supplied by"":""Other"",""item name"":""Organic Cauliflower, 1 Each""},{""sold by"":""Whole Foods Market (seller profile)"",""item name"":""Lemon Reg Conventional, 1 Each"",""quantity of item"":""1"",""item price"":""$0.79"",""condition"":""New"",""supplied by"":""Other""},{""condition"":""New"",""quantity of item"":""1 (1.18  lb)"",""supplied by"":""Other"",""item name"":""Organic Broccoli,1 Each"",""sold by"":""Whole Foods Market (seller profile)"",""item price"":""$3.53""},{""quantity of item"":""1"",""sold by"":""Whole Foods Market (seller profile)"",""supplied by"":""Other"",""item name"":""365 by Whole Foods Market, Rice White Arborio,16 Ounce"",""item price"":""$3.29"",""condition"":""New""},{""item price"":""$3.53"",""condition"":""New"",""item name"":""Rice White Arborio"",""quantity of item"":""1 of:365"",""sold by"":""Whole Foods Market (seller profile)"",""supplied by"":""Other""},{""supplied by"":""Other"",""quantity of item"":""1"",""item name"":""Crafty Counter WunderEggs Plant Based Hardboiled Eggs"",""condition"":""New"",""item price"":""$7.99"",""sold by"":""Whole Foods Market (seller profile)""}]",114-1680776-5985021,"January 3,2024","January 3, 2024",$138.64,$121.69,$9.95
65,2024_01_07_amazon-fresh-114-4739341-0231446.pdf_0,"[{""quantity of item"":""1"",""sold by"":""Prime Now LLC (seller profile)"",""item price"":""$8.49"",""condition"":""New"",""supplied by"":""Other"",""item name"":""Organic Strawberries, 1 Lb""},{""item price"":""$1.99"",""quantity of item"":""1"",""item name"":""Organic Bananas Bunch"",""supplied by"":""Other"",""condition"":""New"",""sold by"":""Prime Now LLC (seller profile)""},{""supplied by"":""Other"",""item price"":""$4.69"",""condition"":""New"",""sold by"":""Prime Now LLC (seller profile)"",""quantity of item"":""1"",""item name"":""Produce Organic Blackberries, 6 Oz""},{""item price"":""$9.49"",""item name"":""Organic Blueberries, 12 Oz"",""sold by"":""Prime Now LLC (seller profile)"",""supplied by"":""Other"",""condition"":""New"",""quantity of item"":""1""},{""supplied by"":""Other"",""sold by"":""Prime Now LLC (seller profile)"",""item name"":""Organic Mini Cucumbers, 12 oz"",""quantity of item"":""1"",""item price"":""$4.49"",""condition"":""New""},{""item price"":""$2.69"",""supplied by"":""Other"",""quantity of item"":""1"",""condition"":""New"",""item name"":""Large Organic Hass Avocado"",""sold by"":""Prime Now LLC (seller profile)""},{""quantity of item"":""1"",""supplied by"":""Other"",""condition"":""New"",""sold by"":""Prime Now LLC (seller profile)"",""item name"":""Chobani\u00ae Low-Fat Vanilla Greek Yogurt, Mixed Berry on the Bottom 5.3oz 4-pack"",""item price"":""$5.49""},{""quantity of item"":""1"",""item price"":""$14.49"",""condition"":""New"",""item name"":""Tillamook Medium Cheddar Cheese Block, 2lb"",""supplied by"":""Other"",""sold by"":""Prime Now LLC (seller profile)""},{""condition"":""New"",""item price"":""$5.49"",""sold by"":""Prime Now LLC (seller profile)"",""quantity of item"":""1"",""item name"":""Earthbound Farm Organic Classic Caesar Salad Kit"",""supplied by"":""Other""},{""supplied by"":""Other"",""condition"":""New"",""item price"":""$3.49"",""sold by"":""Prime Now LLC (seller profile)"",""quantity of item"":""1"",""item name"":""DeLallo Orzo Pasta, 1 Pound Bag, Made with Durum Wheat, 100% Authentic Italian Orzo Noodles""},{""quantity of item"":""1"",""item price"":""$7.49"",""supplied by"":""Other"",""condition"":""New"",""item name"":""Goldfish Flavor Blasted Xtra Cheddar Cheese Crackers, Baked Snack Crackers,0.9 oz On-the-Go Snack Packs,9 Count Tray"",""sold by"":""Prime Now LLC (seller profile)""},{""supplied by"":""Other"",""item price"":null,""quantity of item"":""1"",""sold by"":""Prime Now LLC (seller profile)"",""item name"":""Cedar's Foods, Cucumber Garlic Tzatziki,12 oz"",""condition"":""New""},{""condition"":""New"",""item price"":""$5.79"",""supplied by"":""Other"",""quantity of item"":""2"",""item name"":""Quaker Instant Oatmeal, Strawberries & Cream,8.4 Oz"",""sold by"":""Prime Now LLC (seller profile)""}]",114-4739341-0231446,"January 6,2024","January 7, 2024",$97.61,$85.66,$6.95
66,2024_01_07_amazon-whole foods-114-0480277-3949032.pdf_0,"[{""quantity of item"":""1 of: Kikkoman Naturally Brewed Soy Sauce, 15 oz"",""item name"":""Sold by: Whole Foods Market (seller profile) Supplied by: Other"",""sold by"":null,""item price"":""$4.69"",""supplied by"":""Other"",""condition"":""New""},{""item name"":""Sold by: Whole Foods Market (seller profile)"",""item price"":""$14.39"",""supplied by"":""Other"",""sold by"":null,""condition"":""New"",""quantity of item"":""1 of: California Olive Ranch, California Collection, Olive Oil (500 mL (Pack of 1))""},{""sold by"":null,""condition"":""New"",""item price"":""$5.24"",""quantity of item"":""1.05 lb of: Asparagus Green"",""supplied by"":""Other"",""item name"":""Sold by: Whole Foods Market (seller profile) Supplied by: Other""},{""sold by"":null,""quantity of item"":""1 of: FRONTIER Ugandan Vanilla Extract, 4 FZ"",""item name"":""Sold by: Whole Foods Market (seller profile)"",""supplied by"":""Other"",""condition"":""New"",""item price"":""$20.99""},{""condition"":""New"",""sold by"":null,""item name"":""Sold by: Whole Foods Market (seller profile)"",""supplied by"":""Other"",""item price"":""$7.69"",""quantity of item"":""1 of: Napa Valley, White Wine Vinegar, Organic, 12.7 oz""},{""condition"":""New"",""quantity of item"":""1 of: Marukan Organic Unseasoned Rice Vinegar, 12 Ounce Glass Bottle (Pack of 1)"",""item price"":""$5.29"",""sold by"":null,""supplied by"":""Other"",""item name"":""Sold by: Whole Foods Market (seller profile)""},{""quantity of item"":""1 of: 365 by Whole Foods Market, Organic Dark Red Kidney Beans, 15.5 Ounce"",""sold by"":null,""supplied by"":""Other"",""item name"":""Sold by: Whole Foods Market (seller profile)"",""item price"":""$1.79"",""condition"":""New""},{""item name"":""Sold by: Whole Foods Market (seller profile)"",""supplied by"":""Other"",""item price"":""$13.99"",""condition"":""New"",""sold by"":null},{""condition"":""New"",""item price"":""$2.99"",""item name"":""Sold by: Whole Foods Market (seller profile)"",""supplied by"":""Other"",""sold by"":null,""quantity of item"":""1 of: Organic Carrots, 1 Bunch""},{""item price"":""$6.51"",""condition"":""New"",""supplied by"":""Other"",""quantity of item"":""3 (3.27 lb) of: Potato Sweet Orange Organic"",""item name"":""Sold by: Whole Foods Market (seller profile)"",""sold by"":null},{""quantity of item"":""2 of: Alexandre Family Farms, Organic Pasture Raised Jumbo Brown Eggs, 6 ct"",""item price"":""$5.99"",""sold by"":null,""item name"":""Sold by: Whole Foods Market (seller profile)"",""condition"":""New"",""supplied by"":""Other""},{""sold by"":null,""condition"":""New"",""quantity of item"":""1 of: Oatly Low Fat Oat Milk, 64 oz"",""item price"":""$5.79"",""item name"":""Sold by: Whole Foods Market (seller profile)"",""supplied by"":""Other""},{""condition"":""New"",""supplied by"":""Other"",""sold by"":null,""item name"":""Sold by: Whole Foods Market (seller profile)"",""item price"":""$4.29"",""quantity of item"":""1 of: 365 by Whole Foods Market, Bean Green Microwave Trimmed Organic, 12 Ounce""},{""sold by"":null,""condition"":""New"",""supplied by"":""Other"",""quantity of item"":""1 of: 365 by Whole Foods Market, Organic Unsweetened Vanilla Almond Milk, 32 Fl Oz"",""item price"":""$3.79"",""item name"":""Sold by: Whole Foods Market (seller profile)""},{""condition"":""New"",""supplied by"":""Other"",""item price"":""$7.99"",""item name"":""Sold by: Whole Foods Market (seller profile)"",""sold by"":null,""quantity of item"":""1 of: Hidden Valley Original Ranch Organic Salad Dressing & Topping, Gluten Free - 16 Ounce Bottle (Package May Vary)""},{""condition"":""New"",""quantity of item"":""1 of: Mandarins, 3 Lb"",""sold by"":null,""supplied by"":""Other"",""item name"":""Sold by: Whole Foods Market (seller profile)"",""item price"":""$4.49""},{""quantity of item"":""2 of: 365 by Whole Foods Market, Beans Black Organic, 15 Ounce"",""supplied by"":""Other"",""condition"":""New"",""item name"":""Sold by: Whole Foods Market (seller profile)"",""sold by"":null,""item price"":""$1.79""},{""item price"":""$5.12"",""quantity of item"":""1 of: Nature's Path Organic Gluten Free Brown Sugar Maple Instant Oatmeal, 8 Packets, Non-GMO, 31g Whole Grains, 4g Plant Based Protein, 11.3 Ounce"",""supplied by"":""Other"",""sold by"":null,""item name"":""Sold by: Whole Foods Market (seller profile)"",""condition"":""New""},{""supplied by"":""Other"",""item name"":""Sold by: Whole Foods Market (seller profile)"",""item price"":""$6.99"",""sold by"":null,""condition"":""New"",""quantity of item"":""1 of: PRODUCE Organic Rainbow Bell Peppers, 32 OZ""},{""item name"":""Sold by: Whole Foods Market (seller profile)"",""condition"":""New"",""sold by"":null,""supplied by"":""Other"",""item price"":""$1.79"",""quantity of item"":""2 of: 365 by Whole Foods Market, Organic Cannellini Beans, 15.5 Ounce""},{""item name"":""Sold by: Whole Foods Market (seller profile) Supplied by: Other"",""condition"":""New"",""supplied by"":""Other"",""quantity of item"":""1 (0.42 lb) of: Organic Yellow Squash, 1 Each"",""sold by"":null,""item price"":""$1.26""},{""supplied by"":""Other"",""quantity of item"":""1 of: 365 by Whole Foods Market, Organic Unsweetened Apple Sauce, 24 Ounce"",""sold by"":null,""item price"":""$3.69"",""condition"":""New"",""item name"":""Sold by: Whole Foods Market (seller profile)""},{""supplied by"":""Other"",""condition"":""New"",""quantity of item"":""1 of:365   By  Whole    Foods  Market,   Organic   Sliced  Havarti,6    Ounce"",""item price"":""$4.79"",""sold by"":null,""item name"":""Sold by: Whole Foods Market (seller profile)""}]",114-0480277-3949032,"January 7,2024","January 7,2024",$167.86,$150.91,$9.95
67,2024_01_13_amazon-whole foods-111-5049180-2858615.pdf_0,"[{""item name"":""Organic Bananas Bunch"",""item price"":""$1.99"",""sold by"":""Prime Now LLC (seller profile)"",""quantity of item"":""1"",""supplied by"":""Other"",""condition"":""New""},{""condition"":""New"",""quantity of item"":""1"",""item name"":""Challenge Dairy, Salted Butter Quarters, 16 oz"",""sold by"":""Prime Now LLC (seller profile)"",""supplied by"":""Other"",""item price"":""$6.69""},{""quantity of item"":""1"",""item name"":""bakerly Sliced Brioche, 17.64 oz."",""condition"":""New"",""sold by"":""Prime Now LLC (seller profile)"",""supplied by"":""Other"",""item price"":""$9.29""},{""condition"":""New"",""sold by"":""Prime Now LLC (seller profile)"",""supplied by"":""Other"",""item name"":""Organic Strawberries, 1 Lb"",""item price"":""$9.29"",""quantity of item"":""1""},{""quantity of item"":""2"",""item price"":""$11.79"",""supplied by"":""Other"",""sold by"":""Prime Now LLC (seller profile)"",""condition"":""New""},{""item name"":""Philadelphia Original Whipped Cream Cheese Spread, 8 oz. Tub"",""quantity of item"":""1"",""sold by"":""Prime Now LLC (seller profile)"",""item price"":""$5.49"",""condition"":""New"",""supplied by"":""Other""},{""quantity of item"":""1"",""supplied by"":""Other"",""sold by"":""Prime Now LLC (seller profile)"",""item price"":""$2.99"",""item name"":""Altoids Cinnamon Mints Single Pack, 1.76 ounce"",""condition"":""New""},{""item name"":""Earthbound Farm Organic Classic Caesar Salad Kit"",""supplied by"":""Other"",""item price"":""$5.49"",""sold by"":""Prime Now LLC (seller profile)"",""quantity of item"":""1"",""condition"":""New""},{""condition"":""New"",""sold by"":""Prime Now LLC (seller profile)"",""item price"":""$8.29"",""supplied by"":""Other"",""quantity of item"":""1"",""item name"":""Organic Valley Organic UHT 2% Milk, CA, 128 OZ""},{""quantity of item"":""1"",""supplied by"":""Other"",""condition"":""New"",""item name"":""Goldfish Flavor Blasted Xtra Cheddar Cheese Crackers, Baked Snack Crackers, 0.9 oz On-the-Go Snack Packs, 9 Count Tray"",""sold by"":""Prime Now LLC (seller profile)"",""item price"":""$7.69""},{""condition"":""New"",""item name"":""Santa Cruz Organic, Dark Roasted Peanut Butter, Creamy, Organic, 16 Ounce"",""item price"":""$7.29"",""quantity of item"":""1"",""sold by"":""Prime Now LLC (seller profile)"",""supplied by"":""Other""},{""sold by"":""Prime Now LLC (seller profile)"",""condition"":""New"",""supplied by"":""Other"",""item name"":""Organic Honeycrisp Apple, 1 Each"",""quantity of item"":""5"",""item price"":""$1.89""},{""supplied by"":""Other"",""item price"":""$4.69"",""quantity of item"":""1"",""sold by"":""Prime Now LLC (seller profile)"",""condition"":""New"",""item name"":""365 by Whole Foods Market, Organic Mixed Berry Fruit Spread, 17 Ounce""},{""item price"":""$5.49"",""condition"":""New"",""quantity of item"":""1"",""sold by"":""Prime Now LLC (seller profile)"",""supplied by"":""Other"",""item name"":""Oroweat Whole Grains 100% Whole Wheat Bread, Wheat Bread Free From Artificial Colors, Flavors and Preservatives, 24 oz Loaf""},{""quantity of item"":""1"",""item name"":""Chobani\u00ae Low-Fat Vanilla Greek Yogurt, Mixed Berry on the Bottom 5.3oz 4-pack"",""condition"":""New"",""item price"":""$5.49"",""supplied by"":""Other"",""sold by"":""Prime Now LLC (seller profile)""},{""item name"":""SkinnyPop Popcorn, Gluten Free, Dairy Free, Non-GMO, Healthy Snacks, Skinny Pop Original Popcorn Snack Packs, 0.65oz Individual Size Snack Bags (6 Count)"",""supplied by"":""Other"",""condition"":""New"",""item price"":""$6.99"",""quantity of item"":""1"",""sold by"":""Prime Now LLC (seller profile)""},{""item name"":""Chobani\u00ae Non-Fat Greek Yogurt Peach on the Bottom 5.3oz 4-pack"",""condition"":""New"",""supplied by"":""Other"",""quantity of item"":""1"",""sold by"":""Prime Now LLC (seller profile)"",""item price"":""$5.49""},{""supplied by"":""Other"",""condition"":""New"",""quantity of item"":""1"",""item name"":""Organic Red Raspberries, 6 Oz"",""sold by"":""Prime Now LLC (seller profile)"",""item price"":""$4.69""},{""item name"":""Organic Blackberries, 6 Oz"",""supplied by"":""Other"",""item price"":""$4.69"",""quantity of item"":""1"",""condition"":""New"",""sold by"":""Prime Now LLC (seller profile)""}]",111-5049180-2858615,"January  12,2024","January     13,2024",$140.06,$135.06,$0.00
68,2024_01_20_amazon-whole foods-114-0060825-2178626.pdf_0,"[{""quantity of item"":""1 (0.49 lb)"",""supplied by"":""Other"",""condition"":""New"",""item price"":""$1.47"",""item name"":""Organic Zucchini Squash"",""sold by"":""Whole Foods Market (seller profile)""},{""supplied by"":""Other"",""item name"":""Organic Honeycrisp Apple, 1 Each"",""sold by"":""Whole Foods Market (seller profile)"",""quantity of item"":""2 (0.88 lb)"",""item price"":""$2.90"",""condition"":""New""},{""item name"":""365 by Whole Foods Market, Organic Garbanzo Beans, 16 Ounce"",""quantity of item"":""1"",""supplied by"":""Other"",""sold by"":""Whole Foods Market (seller profile)"",""item price"":""$2.99"",""condition"":""New""},{""item name"":""baby greens + crunch"",""condition"":""New"",""item price"":""$4.49"",""supplied by"":""Other"",""sold by"":""Whole Foods Market (seller profile)"",""quantity of item"":""1""},{""item name"":""365 by Whole Foods Market, Corn Yellow Sweet Organic, 16 Ounce"",""condition"":""New"",""sold by"":""Whole Foods Market (seller profile)"",""item price"":""$3.19"",""quantity of item"":""1"",""supplied by"":""Other""},{""condition"":""New"",""item name"":""Organic Apple Honeycrisp, 48 Ounce Bag"",""item price"":""$8.99"",""quantity of item"":""1"",""supplied by"":""Other"",""sold by"":""Whole Foods Market (seller profile)""},{""quantity of item"":""1"",""item name"":""Alexandre Family Farms, Organic Pasture Raised Large Brown Eggs, 12 ct"",""item price"":""$12.29"",""supplied by"":""Other"",""sold by"":""Whole Foods Market (seller profile)"",""condition"":""New""},{""quantity of item"":""1"",""sold by"":""Whole Foods Market (seller profile)"",""condition"":""New"",""item name"":""365 by Whole Foods Market, Beans Black Organic, 15 Ounce"",""supplied by"":""Other"",""item price"":""$1.79""},{""quantity of item"":""0.55 lb"",""sold by"":""Whole Foods Market (seller profile)"",""condition"":""New"",""item name"":""Diestel Turkey Ranch Oven Roasted Turkey Breast"",""supplied by"":""Other"",""item price"":""$7.69""},{""supplied by"":""Other"",""condition"":""New"",""item price"":""$9.49"",""sold by"":""Whole Foods Market (seller profile)"",""item name"":""JFC INTERNATIONAL SESAME SEED WHT RSTD"",""quantity of item"":""1""},{""supplied by"":""Other"",""quantity of item"":""2 of: EnviroKidz Peanut Butter Panda Puffs Frees Cereal, 10.6 oz"",""condition"":""New"",""item name"":null,""sold by"":""Whole Foods Market (seller profile)"",""item price"":""$5.29""},{""item price"":""$6.39"",""item name"":""Nature's Path Organic Gluten Free Brown Sugar Maple Instant Oatmeal, 8 Packets, Non-GMO, 31g Whole Grains, 4g Plant Based Protein, 11.3 Ounce"",""quantity of item"":""1"",""supplied by"":""Other"",""sold by"":""Whole Foods Market (seller profile)"",""condition"":""New""},{""sold by"":""Whole Foods Market (seller profile)"",""item name"":""Herb Cilantro Organic, 1 Bunch"",""item price"":""$1.89"",""supplied by"":""Other"",""quantity of item"":""1"",""condition"":""New""},{""sold by"":""Whole Foods Market (seller profile)"",""item name"":null,""supplied by"":""Other"",""condition"":""New"",""item price"":null,""quantity of item"":""1 of: 365 by Whole Foods Market, Peas Green Petite Organic, 16 Ounce""},{""item name"":""Force of Nature Meats Ground Beef, 16 OZ"",""quantity of item"":""1"",""sold by"":""Whole Foods Market (seller profile)"",""supplied by"":""Other"",""condition"":""New"",""item price"":""$12.99""},{""quantity of item"":""1 of: 365 by Whole Foods Market, Organic White Quinoa, 16 Ounce"",""item price"":""$5.99"",""condition"":""New"",""sold by"":""Whole Foods Market (seller profile)"",""supplied by"":""Other"",""item name"":null},{""condition"":""New"",""quantity of item"":""1 of: Organic Mini Cucumbers, 1 lb"",""sold by"":""Whole Foods Market (seller profile)"",""item name"":null,""item price"":""$3.49"",""supplied by"":""Other""},{""item name"":null,""supplied by"":""Other"",""quantity of item"":""1 of: Organic Yellow Onion, 48 Ounce Bag"",""sold by"":""Whole Foods Market (seller profile)"",""condition"":""New"",""item price"":null},{""supplied by"":""Other"",""quantity of item"":""1 (1.53 lb)"",""item name"":""Organic Broccoli, 1 Each"",""item price"":""$5.65"",""condition"":""New"",""sold by"":""Whole Foods Market (seller profile)""},{""sold by"":""Whole Foods Market (seller profile)"",""item name"":""Organic Red Bell Pepper, 1 Each"",""quantity of item"":""1 (0.59 lb)"",""condition"":""New"",""supplied by"":""Other"",""item price"":""$2.06""},{""supplied by"":""Other"",""quantity of item"":""1 of: 365 by Whole Foods Market, Garlic Peeled 6Oz Organic, 6 Ounce"",""item name"":null,""item price"":""$2.69"",""sold by"":""Whole Foods Market (seller profile)"",""condition"":""New""},{""supplied by"":""Other"",""condition"":""New"",""sold by"":""Whole Foods Market (seller profile)"",""quantity of item"":""1 of: 365 by Whole Foods Market, Tofu Extra Firm Organic, 14 Ounce"",""item name"":null,""item price"":null},{""sold by"":""Whole Foods Market (seller profile)"",""condition"":""New"",""supplied by"":""Other"",""item name"":null,""quantity of item"":""2 of: EnviroKidz Peanut Butter Panda Puffs Frees Cereal, 10.6 oz"",""item price"":""$5.29""},{""item price"":""$8.99"",""condition"":""New"",""item name"":null,""supplied by"":""Other"",""quantity of item"":""1 of: Strawberries, 2 Lb"",""sold by"":""Whole Foods Market (seller profile)""},{""supplied by"":""Other"",""quantity of item"":""1 of: 365 by Whole Foods Market, Blend Mexican Shred, 8 Ounce"",""item price"":""$3.99"",""condition"":""New"",""item name"":null,""sold by"":""Whole Foods Market (seller profile)""},{""supplied by"":""Other"",""sold by"":""Whole Foods Market (seller profile)"",""condition"":""New"",""item price"":""$8.99"",""quantity of item"":""1"",""item name"":""Strawberries, 2 Lb""},{""sold by"":""Whole Foods Market (seller profile)"",""quantity of item"":""1"",""item price"":""$3.99"",""condition"":""New"",""supplied by"":""Other"",""item name"":""365 by Whole Foods Market, Blend Mexican Shred, 8 Ounce""},{""item name"":""Wildwood, Sprout Firm Tofu, 2 pk, 15.5 oz"",""supplied by"":""Other"",""condition"":""New"",""sold by"":""Whole Foods Market (seller profile)"",""item price"":""$4.49"",""quantity of item"":""1""},{""quantity of item"":""1"",""supplied by"":""Other"",""item price"":""$4.99"",""sold by"":""Whole Foods Market (seller profile)"",""item name"":""Organic Angel Sweet Grape Tomatoes, One pint"",""condition"":""New""},{""item name"":""365 By Whole Foods Market, Organic Sliced Havarti, 6 Ounce"",""supplied by"":""Other"",""quantity of item"":""1"",""item price"":""$4.79"",""condition"":""New"",""sold by"":""Whole Foods Market (seller profile)""},{""supplied by"":""Other"",""item name"":""Herb Italian Parsley Organic, 1 Bunch"",""condition"":""New"",""sold by"":""Whole Foods Market (seller profile)"",""item price"":""$1.79"",""quantity of item"":""1""},{""supplied by"":""Other"",""item name"":""365 by Whole Foods Market, Organic Unsweetened Apple Sauce, 24 Ounce"",""condition"":""New"",""item price"":""$3.69"",""sold by"":""Whole Foods Market (seller profile)"",""quantity of item"":""1""},{""sold by"":""Whole Foods Market (seller profile)"",""condition"":""New"",""quantity of item"":""1"",""item name"":""Organicgirl Protein Greens, 4.2 Oz(us)"",""item price"":""$4.49"",""supplied by"":""Other""},{""supplied by"":""Other"",""item price"":""$13.99"",""sold by"":""Whole Foods Market (seller profile)"",""condition"":""New"",""quantity of item"":""1""},{""item price"":""$2.49"",""sold by"":""Whole Foods Market (seller profile)"",""condition"":null,""quantity of item"":""1"",""item name"":""Herb Dill Organic, 1 Bunch"",""supplied by"":""Other""}]",114-0060825-2178626,"January 20,2024","January 20,2024",$192.34,$172.39,$9.95
69,2024_01_20_amazon-whole foods-114-5257371-2483415.pdf_0,"[{""sold by"":""Prime Now LLC (seller profile)"",""item price"":""$3.79"",""item name"":""Cantaloupe Melon"",""quantity of item"":""1"",""condition"":""New"",""supplied by"":""Other""},{""quantity of item"":""1"",""sold by"":""Prime Now LLC (seller profile)"",""condition"":""New"",""item price"":""$4.99"",""supplied by"":""Other"",""item name"":""Honeydew Melon""},{""condition"":""New"",""item price"":""$3.59"",""quantity of item"":""1"",""sold by"":""Prime Now LLC (seller profile)"",""item name"":""Mission Soft Taco Flour Tortillas, Medium Size, 10 Count, Trans Fat Free"",""supplied by"":""Other""},{""condition"":""New"",""sold by"":""Prime Now LLC (seller profile)"",""quantity of item"":""1"",""supplied by"":""Other"",""item name"":""Organic Blueberries, 12 Oz"",""item price"":""$9.49""},{""item name"":""Organic Sweet Mini Peppers, 1 Lb"",""quantity of item"":""1"",""sold by"":""Prime Now LLC (seller profile)"",""supplied by"":""Other"",""item price"":""$4.99"",""condition"":""New""},{""item price"":""$3.99"",""quantity of item"":""1"",""item name"":""365 by Whole Foods Market, Semisweet Mini Chocolate Chips, 12 Ounce"",""supplied by"":""Other"",""condition"":""New"",""sold by"":""Prime Now LLC (seller profile)""},{""sold by"":""Prime Now LLC (seller profile)"",""item price"":""$4.99"",""item name"":""Earthbound Farm Organic Classic Caesar Salad Kit"",""condition"":""New"",""quantity of item"":""1"",""supplied by"":""Other""},{""condition"":""New"",""supplied by"":""Other"",""item price"":""$2.99"",""quantity of item"":""1"",""sold by"":""Prime Now LLC (seller profile)"",""item name"":""Daisy, Sour Cream, Light, 16 oz""},{""supplied by"":""Other"",""quantity of item"":""1"",""item price"":""$5.69"",""item name"":""Oatly Original Oat Milk, 64 oz"",""sold by"":""Prime Now LLC (seller profile)"",""condition"":""New""},{""supplied by"":""Other"",""item price"":""$2.86"",""condition"":""New"",""quantity of item"":""1"",""item name"":""Roman's Bakehouse Pita Bread Original, 8.8oz"",""sold by"":""Prime Now LLC (seller profile)""},{""item name"":""Old El Paso Mild Red Enchilada Sauce, Value Size,1 ct.,28 oz."",""item price"":""$4.29"",""condition"":""New"",""quantity of item"":""1"",""supplied by"":""Other"",""sold by"":""Prime Now LLC (seller profile)""},{""supplied by"":""Other"",""item price"":""$1.99"",""item name"":""Rosarita No Fat Traditional Refried Beans,16 oz"",""sold by"":""Prime Now LLC (seller profile)"",""condition"":""New"",""quantity of item"":""3""},{""item name"":""Organic Bananas Bunch"",""supplied by"":""Other"",""condition"":""New"",""quantity of item"":""1"",""item price"":""$1.99"",""sold by"":""Prime Now LLC (seller profile)""},{""sold by"":""Prime Now LLC (seller profile)"",""item name"":""Organic Blackberries,6 Oz"",""quantity of item"":""1"",""supplied by"":""Other"",""item price"":""$4.69"",""condition"":""New""}]",114-5257371-2483415,"January 20,2024","January 20,2024",$76.26,$64.31,$6.95
70,2024_01_27_amazon-fresh-114-0904443-2465028.pdf_0,"[{""item name"":""San Luis Sourdough Bread, 24 Oz"",""quantity of item"":""1"",""condition"":""New"",""sold by"":""Prime Now LLC (seller profile)"",""supplied by"":""Other"",""item price"":""$5.68""},{""quantity of item"":""1"",""supplied by"":""Other"",""sold by"":""Prime Now LLC (seller profile)"",""condition"":""New"",""item price"":""$3.54"",""item name"":""Roman's Bakehouse Pita Bread Original Mini, 200g""},{""supplied by"":""Other"",""item price"":""$6.99"",""condition"":""New"",""item name"":""Challenge Dairy, Salted Butter Quarters, 16 oz"",""sold by"":""Prime Now LLC (seller profile)"",""quantity of item"":""1""},{""sold by"":""Prime Now LLC (seller profile)"",""quantity of item"":""1"",""supplied by"":""Other"",""condition"":""New"",""item name"":""Made In Nature Organic Apples, 3 Oz"",""item price"":""$6.49""},{""item name"":""Medium Hass Avocado"",""quantity of item"":""1"",""item price"":""$1.39"",""condition"":""New"",""sold by"":""Prime Now LLC (seller profile)"",""supplied by"":""Other""},{""quantity of item"":""1"",""item price"":""$6.29"",""condition"":""New"",""supplied by"":""Other"",""sold by"":""Prime Now LLC (seller profile)"",""item name"":""gimMe - Sea Salt Organic Roasted Seaweed Sheets Keto, Vegan, Gluten Free Great Source of Iodine & Omega 3's Healthy On-The-Go Snack for Kids Adults 6 Count( Pack 1)""},{""item name"":""SkinnyPop Popcorn, Gluten Free, Dairy Free, Non-GMO, Healthy Snacks, Skinny Pop Original Popcorn Snack Packs, 0.65oz Individual Size Snack Bags (6 Count)"",""sold by"":""Prime Now LLC (seller profile)"",""quantity of item"":""1"",""item price"":""$6.99"",""condition"":""New"",""supplied by"":""Other""},{""item price"":""$5.69"",""condition"":""New"",""sold by"":""Prime Now LLC (seller profile)"",""item name"":""Wheat Thins Reduced Fat Whole Grain Wheat Crackers, Family Size, 12.5 Oz, 1Count"",""quantity of item"":""1"",""supplied by"":""Other""},{""item price"":""$5.49"",""supplied by"":""Other"",""condition"":""New"",""sold by"":""Prime Now LLC (seller profile)"",""item name"":""Made in Nature Organic Dried Fruit, Mangoes,3oz Bag- Non-GMO, Unsulfured Vegan Snack"",""quantity of item"":""1""},{""sold by"":""Prime Now LLC (seller profile)"",""condition"":""New"",""quantity of item"":""1"",""item name"":""GoGo squeeZ Fruit on the Go Variety Pack, Apple & Gimme Five!,3.2 oz (Pack of 12), Unsweetened Fruit Snacks for Kids"",""supplied by"":""Other"",""item price"":""$10.79""},{""sold by"":""Prime Now LLC (seller profile)"",""quantity of item"":""1"",""item price"":""$4.39"",""supplied by"":""Other"",""condition"":""New"",""item name"":""Sargento Sliced Havarti Natural Cheese, 10 slices""},{""sold by"":""Prime Now LLC (seller profile)"",""item name"":""Annie's Organic Berry Patch Bunny Fruit Flavored Snacks, Gluten Free, 10 Pouches, 7 oz."",""supplied by"":""Other"",""item price"":""$6.99"",""condition"":""New"",""quantity of item"":""1""},{""item name"":""Wonderful Halos Mandarins, 3 Pound (Pack of 1)"",""sold by"":""Prime Now LLC (seller profile)"",""supplied by"":""Other"",""quantity of item"":""1"",""condition"":""New"",""item price"":""$6.49""},{""sold by"":""Prime Now LLC (seller profile)"",""condition"":""New"",""supplied by"":""Other"",""quantity of item"":""1"",""item price"":null,""item name"":""Kellogg's Frosted Mini-Wheats Cold Breakfast Cereal, High-Fiber, Whole Grain, Family Size, Strawberry, 22oz Box (1 Box)""},{""item price"":""$4.99"",""item name"":""Thomas' Plain Soft & Chewy Pre-Sliced Bagels, 6 count, 3.35 Oz"",""condition"":""New"",""sold by"":""Prime Now LLC (seller profile)"",""quantity of item"":""1"",""supplied by"":""Other""},{""supplied by"":""Other"",""item name"":""Organic Red Bell Pepper, 1 Each"",""item price"":""$2.29"",""sold by"":""Prime Now LLC (seller profile)"",""quantity of item"":""1"",""condition"":""New""},{""supplied by"":""Other"",""condition"":""New"",""item name"":""Cheerios Multi Grain Cheerios Heart Healthy Cereal, 18 OZ Family Size Cereal Box"",""sold by"":""Prime Now LLC (seller profile)"",""item price"":null,""quantity of item"":""1""},{""item price"":""$11.79"",""quantity of item"":""1"",""sold by"":""Prime Now LLC (seller profile)"",""condition"":""New"",""supplied by"":""Other""},{""item price"":""$3.99"",""item name"":""Organic Mini Cucumbers, 12 oz"",""sold by"":""Prime Now LLC (seller profile)"",""supplied by"":""Other"",""quantity of item"":""1"",""condition"":""New""},{""sold by"":""Prime Now LLC (seller profile)"",""condition"":""New"",""supplied by"":""Other"",""item price"":""$4.69"",""quantity of item"":""1"",""item name"":""Organic Blackberries, 6 Oz""},{""condition"":""New"",""item name"":""Rosarita No Fat Traditional Refried Beans,16 oz"",""supplied by"":""Other"",""item price"":""$1.99"",""sold by"":""Prime Now LLC (seller profile)"",""quantity of item"":""1""},{""quantity of item"":""1"",""sold by"":""Prime Now LLC (seller profile)"",""condition"":""New"",""item name"":""Sargento Sliced Havarti Natural Cheese, 10 slices"",""item price"":""$4.39"",""supplied by"":""Other""},{""quantity of item"":""1"",""item price"":""$4.39"",""condition"":""New"",""supplied by"":""Other"",""sold by"":""Prime Now LLC (seller profile)"",""item name"":""Sargento Sliced Havarti Natural Cheese, 10 slices""},{""item price"":""$14.49"",""item name"":""Tillamook Medium Cheddar Cheese Block, 2lb"",""quantity of item"":""1"",""condition"":""New"",""sold by"":""Prime Now LLC (seller profile)"",""supplied by"":""Other""},{""supplied by"":""Other"",""item name"":""Chobani\u00ae Low-Fat Vanilla Greek Yogurt, Mixed Berry on the Bottom 5.3oz 4-pack"",""condition"":""New"",""item price"":""$5.49"",""sold by"":""Prime Now LLC (seller profile)"",""quantity of item"":""1""},{""item name"":""Thomas' Original English Muffins, 6 count, 13 oz"",""condition"":""New"",""quantity of item"":""1"",""item price"":""$4.99"",""sold by"":""Prime Now LLC (seller profile)"",""supplied by"":""Other""},{""supplied by"":""Other"",""item price"":""$4.39"",""quantity of item"":""1"",""condition"":""New"",""sold by"":""Prime Now LLC (seller profile)"",""item name"":""Earthbound Farm Organic Classic Caesar Salad Kit""},{""item price"":""$5.49"",""item name"":""Chobani\u00ae Non-Fat Greek Yogurt Peach on the Bottom 5.3oz 4-pack"",""supplied by"":""Other"",""sold by"":""Prime Now LLC (seller profile)"",""quantity of item"":""1"",""condition"":""New""},{""sold by"":""Prime Now LLC (seller profile)"",""supplied by"":""Other"",""item name"":""Goldfish Flavor Blasted Xtra Cheddar Cheese Crackers, Baked Snack Crackers, 0.9 oz On-the-Go Snack Packs, 9 Count Tray"",""condition"":""New"",""item price"":""$7.49"",""quantity of item"":""1""},{""item name"":""Organic Red Raspberries, 6 Oz"",""supplied by"":""Other"",""condition"":""New"",""sold by"":""Prime Now LLC (seller profile)"",""quantity of item"":""1"",""item price"":""$4.69""},{""item name"":""Oroweat Whole Grains 100% Whole Wheat Bread, Wheat Bread Free From Artificial Colors, Flavors and Preservatives, 24 oz Loaf"",""item price"":""$5.49"",""supplied by"":""Other"",""sold by"":""Prime Now LLC (seller profile)"",""condition"":""New"",""quantity of item"":""1""},{""item price"":""$9.49"",""sold by"":""Prime Now LLC (seller profile)"",""supplied by"":""Other"",""condition"":""New"",""item name"":""Organic Strawberries, 1 Lb"",""quantity of item"":""1""},{""condition"":""New"",""sold by"":""Prime Now LLC (seller profile)"",""item name"":""FAGE Total Greek Yogurt, 0% Nonfat, Plain, 32 oz"",""quantity of item"":""1"",""item price"":""$7.49"",""supplied by"":""Other""},{""item price"":""$4.69"",""condition"":""New"",""quantity of item"":""1"",""sold by"":""Prime Now LLC (seller profile)"",""item name"":""Nature's Own Perfectly Crafted Brioche Style Bread Loaf - 22 oz Bag"",""supplied by"":""Other""},{""condition"":""New"",""item name"":""organicgirl   Organic   True  Hearts   Butter  Plus,4   oz"",""sold by"":""Prime Now LLC (seller profile)"",""quantity of item"":""1"",""item price"":""$4.39"",""supplied by"":""Other""}]",114-0904443-2465028,"January 26,2024","January 27,2024",$217.50,$207.50,$0.00
71,2024_01_28_amazon-whole foods-114-8696462-8025055.pdf_0,"[{""supplied by"":""Other"",""item name"":""365 by Whole Foods Market, Unsalted Black Beans, 15 Ounce"",""quantity of item"":""1"",""sold by"":""Whole Foods Market (seller profile)"",""item price"":""$1.49"",""condition"":""New""},{""supplied by"":""Other"",""item price"":""$8.99"",""sold by"":""Whole Foods Market (seller profile)"",""condition"":""New"",""quantity of item"":""1"",""item name"":""Organic Apple Honeycrisp, 48 Ounce Bag""},{""quantity of item"":""2.66 lb"",""condition"":""New"",""supplied by"":""Other"",""item price"":""($7.49/lb) $19.92"",""item name"":""Mary's Chicken Organic Bone In Chicken Thighs"",""sold by"":""Whole Foods Market (seller profile)""},{""condition"":""New"",""item price"":""$10.99"",""supplied by"":""Other"",""sold by"":""Whole Foods Market (seller profile)"",""quantity of item"":""1"",""item name"":""Diestel, Fresh 99%/1% Organic Ground Turkey Breast, 1 lb""},{""quantity of item"":""1"",""item price"":""$13.99"",""condition"":""New"",""supplied by"":""Other"",""sold by"":""Whole Foods Market (seller profile)""},{""supplied by"":""Other"",""condition"":""New"",""quantity of item"":""1"",""item price"":""$4.29"",""item name"":""365 by Whole Foods Market, Bean Green Microwave Trimmed Organic, 12 Ounce"",""sold by"":""Whole Foods Market (seller profile)""},{""sold by"":""Whole Foods Market (seller profile)"",""supplied by"":""Other"",""item price"":""$2.99"",""quantity of item"":""1"",""item name"":""Organic Valley Sour Cream Organic, 8 oz"",""condition"":""New""},{""condition"":""New"",""item name"":""Organic Pineapple, 1 Each"",""supplied by"":""Other"",""item price"":""$3.50"",""quantity of item"":""1"",""sold by"":""Whole Foods Market (seller profile)""},{""condition"":""New"",""item price"":""$5.79"",""sold by"":""Whole Foods Market (seller profile)"",""supplied by"":""Other"",""quantity of item"":""1"",""item name"":""Oatly Low Fat Oat Milk, 64 oz""},{""condition"":""New"",""quantity of item"":""1"",""item price"":""$7.49"",""supplied by"":""Other"",""item name"":""Whole Foods Market, Mini Quiche Trio, 15 ct, (Frozen)"",""sold by"":""Whole Foods Market (seller profile)""},{""item price"":""$3.99"",""condition"":""New"",""quantity of item"":""1"",""sold by"":""Whole Foods Market (seller profile)"",""item name"":""Cantaloupe Melon, 1 Each"",""supplied by"":""Other""},{""condition"":""New"",""item name"":""Organic Angel Sweet Grape Tomatoes, One pint"",""supplied by"":""Other"",""quantity of item"":""1"",""sold by"":""Whole Foods Market (seller profile)"",""item price"":""$4.99""},{""item name"":""Lemon Regular Organic, 1 Each"",""condition"":""New"",""supplied by"":""Other"",""sold by"":""Whole Foods Market (seller profile)"",""item price"":""$0.99"",""quantity of item"":""2""},{""item price"":""$7.49"",""item name"":""Whole Foods Market, Croissant Vegan 4 Count, 11 Ounce"",""condition"":""New"",""quantity of item"":""1"",""supplied by"":""Other"",""sold by"":""Whole Foods Market (seller profile)""},{""condition"":""New"",""item price"":""($3.49/lb) $1.15"",""quantity of item"":""1 (0.33 lb)"",""supplied by"":""Other"",""sold by"":""Whole Foods Market (seller profile)"",""item name"":""Organic Red Bell Pepper, 1 Each""},{""item name"":""Pacific Foods Organic Low Sodium Vegetable Broth, 32 oz"",""condition"":""New"",""supplied by"":""Other"",""sold by"":""Whole Foods Market (seller profile)"",""quantity of item"":""1"",""item price"":""$4.29""},{""condition"":""New"",""quantity of item"":""1.02 lb"",""item name"":""Mushroom Baby Bella Brown Organic"",""item price"":""($6.49/lb) $6.62"",""supplied by"":""Other"",""sold by"":""Whole Foods Market (seller profile)""},{""sold by"":""Whole Foods Market (seller profile)"",""item name"":""Organic Carrots, 1 Bunch"",""supplied by"":""Other"",""quantity of item"":""1"",""item price"":""$2.99"",""condition"":""New""},{""supplied by"":""Other"",""sold by"":""Whole Foods Market (seller profile)"",""condition"":""New"",""quantity of item"":""2"",""item name"":""365 By Whole Foods Market, Organic Sliced Havarti, 6 Ounce"",""item price"":""$4.79""},{""quantity of item"":""2"",""item name"":""Alexandre Family Farms, Organic Pasture Raised Jumbo Brown Eggs, 6 ct"",""supplied by"":""Other"",""item price"":""$5.99"",""sold by"":""Whole Foods Market (seller profile)"",""condition"":""New""},{""sold by"":""Whole Foods Market (seller profile)"",""quantity of item"":""1"",""item price"":""$4.49"",""supplied by"":""Other"",""item name"":""Wildwood, Sprout Firm Tofu, 2 pk, 15.5 oz"",""condition"":""New""},{""sold by"":""Whole Foods Market (seller profile)"",""condition"":""New"",""supplied by"":""Other"",""item name"":""Organic Broccoli, 1 Each"",""item price"":""($3.69/lb) $4.13"",""quantity of item"":""1 (1.12 lb)""},{""supplied by"":""Other"",""item price"":""($17.99/lb) $32.02"",""quantity of item"":""1.78 lb"",""sold by"":""Whole Foods Market (seller profile)"",""item name"":""Beef Loin Flank Steak Pasture Raised Step 4"",""condition"":""New""}]",114-8696462-8025055,"January 28,2024","January 28,2024",$195.09,$175.14,$9.95
72,2024_02_03_amazon-whole foods-111-2261835-9629068.pdf_0,"[{""quantity of item"":""1"",""item name"":""Cedar's Foods, Cucumber Garlic Tzatziki, 12 oz"",""condition"":""New"",""sold by"":""Prime Now LLC (seller profile)"",""supplied by"":""Other"",""item price"":""$5.99""},{""condition"":""New"",""item name"":""Sabra Classic Hummus, Great Hummus for Dipping, Snacking and Sharing, 10 Oz Tub"",""quantity of item"":""1"",""supplied by"":""Other"",""sold by"":""Prime Now LLC (seller profile)"",""item price"":""$4.99""},{""sold by"":""Prime Now LLC (seller profile)"",""item name"":""Roman's Bakehouse Pita Bread Original Mini, 200g"",""quantity of item"":""1"",""supplied by"":""Other"",""item price"":""$3.54"",""condition"":""New""},{""quantity of item"":""1"",""condition"":""New"",""item name"":""Goldfish Cheddar Cheese Crackers, Baked Snack Crackers, 1 oz On-the-Go Snack Packs, 20 Count Box"",""supplied by"":""Other"",""item price"":""$11.79"",""sold by"":""Prime Now LLC (seller profile)""},{""sold by"":""Prime Now LLC (seller profile)"",""item price"":""$9.49"",""quantity of item"":""1"",""item name"":""St. Pierre, Sliced Brioche Loaf, 17.6 Oz"",""supplied by"":""Other"",""condition"":""New""},{""sold by"":""Prime Now LLC (seller profile)"",""item price"":""$2.29"",""condition"":""New"",""item name"":""Organic Red Bell Pepper, 1 Each"",""quantity of item"":""2"",""supplied by"":""Other""},{""item name"":""Organic Bananas Bunch"",""quantity of item"":""1"",""sold by"":""Prime Now LLC (seller profile)"",""supplied by"":""Other"",""condition"":""New"",""item price"":""$1.99""},{""supplied by"":""Other"",""item name"":""Organic Blackberries, 6 Oz"",""condition"":""New"",""sold by"":""Prime Now LLC (seller profile)"",""quantity of item"":""1"",""item price"":""$4.69""},{""supplied by"":""Other"",""sold by"":""Prime Now LLC (seller profile)"",""item price"":""$4.59"",""item name"":""Capri Sun 100% Juice Fruit Punch Naturally Flavored Kids Juice Blend (10 ct Box, 6 fl oz Pouches)"",""condition"":""New"",""quantity of item"":""3""},{""item name"":""Organic Strawberries, 1 Lb"",""supplied by"":""Other"",""item price"":""$9.49"",""sold by"":""Prime Now LLC (seller profile)"",""quantity of item"":""1"",""condition"":""New""},{""item price"":""$19.99"",""sold by"":""Prime Now LLC (seller profile)"",""condition"":""New"",""supplied by"":""Other"",""item name"":""365 by Whole Foods Market, Organic Grade A Amber Maple Syrup,32 Fl Oz"",""quantity of item"":""1""},{""condition"":""New"",""sold by"":""Prime Now LLC (seller profile)"",""item price"":""$10.29"",""quantity of item"":""1"",""supplied by"":""Other"",""item name"":""Organic Blueberries,12 Oz""}]",111-2261835-9629068,"February  2,2024","February     3,2024",$107.10,$100.60,$0.00
73,2024_02_04_amazon-whole foods-114-5277348-9374615.pdf_0,"[{""item price"":""$3.54"",""sold by"":""Prime Now LLC (seller profile)"",""condition"":""New"",""quantity of item"":""1"",""supplied by"":""Other"",""item name"":""Roman's Bakehouse Pita Bread Original Mini, 200g""},{""item price"":""$4.69"",""quantity of item"":""1"",""item name"":""Organic Blackberries, 6 Oz"",""sold by"":""Prime Now LLC (seller profile)"",""condition"":""New"",""supplied by"":""Other""},{""item name"":""365 by Whole Foods Market, Corn Fire Roasted Organic, 16 Ounce"",""condition"":""New"",""quantity of item"":""1"",""item price"":""$3.19"",""supplied by"":""Other"",""sold by"":""Prime Now LLC (seller profile)""},{""quantity of item"":""1"",""item price"":""$4.99"",""condition"":""New"",""supplied by"":""Other"",""item name"":""Bragg Organic Apple Cider Vinegar, 16 oz"",""sold by"":""Prime Now LLC (seller profile)""},{""item name"":""Earthbound Farm Organic Classic Caesar Salad Kit"",""quantity of item"":""1"",""supplied by"":""Other"",""item price"":""$5.49"",""condition"":""New"",""sold by"":""Prime Now LLC (seller profile)""},{""condition"":""New"",""item name"":""365 by Whole Foods Market, Beans Garbanzo Organic, 15.5 Ounce"",""sold by"":""Prime Now LLC (seller profile)"",""supplied by"":""Other"",""item price"":""$1.79"",""quantity of item"":""2""},{""condition"":""New"",""sold by"":""Prime Now LLC (seller profile)"",""quantity of item"":""2"",""supplied by"":""Other"",""item name"":""365 by Whole Foods Market, Organic Vegetable Broth, 32 Fl Oz"",""item price"":""$3.29""},{""sold by"":""Prime Now LLC (seller profile)"",""item price"":""$4.39"",""condition"":""New"",""item name"":""Wildwood Organic Sproutofu Extra Firm, 15.5 oz"",""supplied by"":""Other"",""quantity of item"":""1""},{""item price"":""$4.69"",""condition"":""New"",""quantity of item"":""1"",""supplied by"":""Other"",""sold by"":""Prime Now LLC (seller profile)"",""item name"":""Organic Red Raspberries, 6 Oz""},{""condition"":""null"",""supplied by"":""Other"",""item name"":""Made In Nature Organic Apples, 3 Oz"",""item price"":""$6.49"",""quantity of item"":""1"",""sold by"":""Prime Now LLC (seller profile)""},{""item price"":""$13.29"",""sold by"":""Prime Now LLC (seller profile)"",""quantity of item"":""1"",""supplied by"":""Other"",""item name"":""Annie's  Organic   Berry   Patch  Bunny   Fruit  Flavored  Snacks,    Gluten  Free,  Value   Pack,22    Pouches,15.4     oz."",""condition"":""New""},{""quantity of item"":""1"",""supplied by"":""Other"",""condition"":""New"",""item price"":""$6.49"",""sold by"":""Prime Now LLC (seller profile)""},{""item price"":""$5.49"",""condition"":""New"",""supplied by"":""Other"",""quantity of item"":""1"",""item name"":""Made   in Nature   Organic   Dried  Fruit, Mangoes,3oz      Bag   -Non-GMO,      Unsulfured    Vegan   Snack"",""sold by"":""Prime Now LLC (seller profile)""}]",114-5277348-9374615,"February  4,2024","February     4,2024",$84.85,$72.90,$6.95
74,2024_02_05_amazon-whole foods-114-7208773-9362618.pdf_0,"[{""item name"":""Muir Glen Organic Canned Tomato Sauce, No Salt Added, 15 oz."",""sold by"":""Whole Foods Market (seller profile)"",""supplied by"":""Other"",""condition"":""New"",""item price"":""$2.15"",""quantity of item"":""1""},{""item price"":""$10.99"",""condition"":""New"",""quantity of item"":""1"",""supplied by"":""Other"",""sold by"":""Whole Foods Market (seller profile)"",""item name"":""Artisana Organics Raw Tahini Sesame Seed Butter - Just One Ingredient, Unroasted, Vegan, Paleo and Keto Friendly, Non-GMO, 14oz Jar""},{""quantity of item"":""1"",""supplied by"":""Other"",""sold by"":""Whole Foods Market (seller profile)"",""item price"":""$13.99"",""condition"":""New""},{""supplied by"":""Other"",""item name"":""Organic Red Onion"",""item price"":""$1.12"",""condition"":""New"",""sold by"":""Whole Foods Market (seller profile)"",""quantity of item"":""1 (0.45 lb)""},{""sold by"":""Whole Foods Market (seller profile)"",""condition"":""New"",""quantity of item"":""1"",""supplied by"":""Other"",""item price"":""$3.86"",""item name"":""Snyder's of Hanover, Gluten Free Mini Pretzels, 8 Oz Bag""},{""item name"":""365 By Whole Foods Market, Fettuccine Nest, 8 Ounce"",""supplied by"":""Other"",""sold by"":""Whole Foods Market (seller profile)"",""item price"":""$4.99"",""condition"":""New"",""quantity of item"":""1""},{""condition"":""New"",""item price"":""$1.89"",""supplied by"":""Other"",""quantity of item"":""1 (0.42 lb)"",""sold by"":""Whole Foods Market (seller profile)"",""item name"":""Organic Red Bell Pepper, 1 Each""},{""supplied by"":""Other"",""sold by"":""Whole Foods Market (seller profile)"",""item price"":""$7.49"",""quantity of item"":""1"",""condition"":""New"",""item name"":""Whole Foods Market, Mini Quiche Trio, 15 ct, (Frozen)""},{""quantity of item"":""1"",""item price"":""$8.99"",""condition"":""New"",""item name"":""Organic Apple Honeycrisp, 48 Ounce Bag"",""supplied by"":""Other"",""sold by"":""Whole Foods Market (seller profile)""},{""condition"":""New"",""item price"":""$4.99"",""item name"":""Organic Blueberries, 12 Oz"",""sold by"":""Whole Foods Market (seller profile)"",""quantity of item"":""1"",""supplied by"":""Other""},{""condition"":""New"",""sold by"":""Whole Foods Market (seller profile)"",""quantity of item"":""1"",""supplied by"":""Other"",""item name"":""DIESTEL TURKEY RANCH Ground Turkey Breast, 16 OZ"",""item price"":null},{""item name"":""Organic Broccoli, 1 Each"",""item price"":""$4.02"",""condition"":""New"",""quantity of item"":""1 (1.09 lb)"",""supplied by"":""Other"",""sold by"":""Whole Foods Market (seller profile)""},{""item name"":""Vital Farms 1 Dozen Restorative Pasture-Raised Organic Eggs, Large, Certified Humane, 12 ct"",""supplied by"":""Other"",""condition"":""New"",""sold by"":""Whole Foods Market (seller profile)"",""item price"":""$10.99"",""quantity of item"":""1""},{""item price"":""$3.18"",""supplied by"":""Other"",""condition"":""New"",""quantity of item"":""1 (1.10 lb)"",""item name"":""Organic Eggplant, 1 Each"",""sold by"":""Whole Foods Market (seller profile)""},{""sold by"":""Whole Foods Market (seller profile)"",""supplied by"":""Other"",""condition"":""New"",""item name"":""Organic Strawberries, 1 Lb"",""quantity of item"":""1"",""item price"":""$7.99""},{""sold by"":""Whole Foods Market (seller profile)"",""supplied by"":""Other"",""item name"":""SMT San Merican Tomato, Crushed Tomatoes, 28 oz"",""quantity of item"":""1"",""condition"":""New"",""item price"":""$5.99""},{""item name"":""365 by Whole Foods Market, Organic Hass Avocados, 4 Count"",""item price"":""$4.79"",""supplied by"":""Other"",""sold by"":""Whole Foods Market (seller profile)"",""quantity of item"":""1"",""condition"":""New""},{""item name"":""365 by Whole Foods Market, Organic Dark Red Kidney Beans, 15.5 Ounce"",""sold by"":""Whole Foods Market (seller profile)"",""condition"":""New"",""quantity of item"":""1"",""supplied by"":""Other"",""item price"":null},{""condition"":""New"",""quantity of item"":""1"",""item price"":""$6.99"",""sold by"":""Whole Foods Market (seller profile)"",""item name"":""FAGE Total Greek Yogurt, 0% Nonfat, Plain, 32 oz"",""supplied by"":""Other""},{""condition"":""New"",""item name"":""365 by Whole Foods Market, Organic Unsweetened Dried Pineapple, 8 Ounce"",""supplied by"":""Other"",""sold by"":""Whole Foods Market (seller profile)"",""item price"":""$7.69"",""quantity of item"":""1""},{""item price"":""$1.79"",""supplied by"":""Other"",""item name"":""365 by Whole Foods Market, Beans Black Organic, 15 Ounce"",""sold by"":""Whole Foods Market (seller profile)"",""quantity of item"":""1"",""condition"":""New""},{""item price"":""$5.49"",""quantity of item"":""1"",""item name"":""365 by Whole Foods Market, Peanut Butter Pretzel Nuggets, 18 Ounce"",""supplied by"":""Other"",""condition"":""New"",""sold by"":""Whole Foods Market (seller profile)""}]",114-7208773-9362618,"February 5,2024","February 5,2024",$148.61,$131.66,$9.95
75,2024_02_11_amazon-fresh-114-2058224-7637005.pdf_0,"[{""condition"":""New"",""quantity of item"":""1"",""item name"":""SkinnyPop Popcorn, Gluten Free, Dairy Free, Non-GMO, Healthy Snacks, Skinny Pop Original Popcorn Snack Packs, 0.65oz Individual Size Snack Bags (6 Count)"",""supplied by"":""Other"",""item price"":""$6.99"",""sold by"":""Prime Now LLC (seller profile)""},{""quantity of item"":""1"",""supplied by"":""Other"",""item price"":""$2.99"",""item name"":""Daisy, Sour Cream, Light, 16 oz"",""sold by"":""Prime Now LLC (seller profile)"",""condition"":""New""},{""quantity of item"":""1"",""item name"":""Chobani\u00ae Low-Fat Vanilla Greek Yogurt, Mixed Berry on the Bottom 5.3oz 4-pack"",""sold by"":""Prime Now LLC (seller profile)"",""condition"":""New"",""item price"":""$5.49"",""supplied by"":""Other""},{""condition"":""New"",""quantity of item"":""1"",""sold by"":""Prime Now LLC (seller profile)"",""item name"":""Organic Blackberries, 6 Oz"",""supplied by"":""Other"",""item price"":""$4.69""},{""supplied by"":""Other"",""item name"":""GoGo squeeZ Fruit on the Go Variety Pack, Apple & Gimme Five!, 3.2 oz (Pack of 12), Unsweetened Fruit Snacks for Kids, Gluten Free, Nut Free and Dairy Free, Recloseable Cap, BPA Free Pouches"",""condition"":""New"",""item price"":""$10.79"",""sold by"":""Prime Now LLC (seller profile)"",""quantity of item"":""1""},{""item price"":""$2.29"",""item name"":""Organic Red Bell Pepper, 1 Each"",""supplied by"":""Other"",""sold by"":""Prime Now LLC (seller profile)"",""condition"":""New"",""quantity of item"":""1""},{""item name"":""Oroweat Whole Grains 100% Whole Wheat Bread, Wheat Bread Free From Artificial Colors, Flavors and Preservatives, 24 oz Loaf"",""quantity of item"":""1"",""supplied by"":""Other"",""item price"":""$5.49"",""sold by"":""Prime Now LLC (seller profile)"",""condition"":""New""},{""supplied by"":""Other"",""sold by"":""Prime Now LLC (seller profile)"",""item price"":""$9.69"",""item name"":""YumEarth Organic Tropical Fruit Snacks, 0.7 Ounce (Pack of 10)"",""quantity of item"":""1"",""condition"":""New""},{""quantity of item"":""2"",""supplied by"":""Other"",""condition"":""New"",""item price"":""$12.29"",""sold by"":""Prime Now LLC (seller profile)""},{""condition"":""New"",""item price"":""$1.99"",""supplied by"":""Other"",""item name"":""Rosarita No Fat Traditional Refried Beans,16 oz"",""quantity of item"":""1"",""sold by"":""Prime Now LLC (seller profile)""},{""condition"":""New"",""item price"":""$4.39"",""quantity of item"":""1"",""supplied by"":""Other"",""sold by"":""Prime Now LLC (seller profile)"",""item name"":""organicgirl Organic True Hearts Butter Plus,4 oz""},{""quantity of item"":""1"",""supplied by"":""Other"",""sold by"":""Prime Now LLC (seller profile)"",""item price"":""$4.99"",""condition"":""New"",""item name"":""Earthbound Farm Organic Classic Caesar Salad Kit""},{""item price"":""$4.99"",""item name"":""Thomas' Original English Muffins,6 count,13 oz"",""supplied by"":""Other"",""sold by"":""Prime Now LLC (seller profile)"",""condition"":""New"",""quantity of item"":""1""},{""sold by"":""Prime Now LLC (seller profile)"",""item name"":""Made In Nature Organic Apples,3 Oz"",""condition"":""New"",""supplied by"":""Other"",""quantity of item"":""1"",""item price"":""$6.49""},{""supplied by"":""Other"",""sold by"":""Prime Now LLC (seller profile)"",""item name"":""St. Pierre, Sliced Brioche Loaf,17.6 Oz"",""item price"":""$8.99"",""quantity of item"":""1"",""condition"":""New""},{""item price"":""$4.69"",""condition"":""New"",""supplied by"":""Other"",""item name"":""Organic Red Raspberries, 6 Oz"",""quantity of item"":""1"",""sold by"":""Prime Now LLC (seller profile)""},{""item name"":""Organic Mini Cucumbers,12 oz"",""sold by"":""Prime Now LLC (seller profile)"",""condition"":""New"",""quantity of item"":""1"",""item price"":""$3.99"",""supplied by"":""Other""}]",114-2058224-7637005,"February 11,2024","February 11,2024",$119.07,$113.52,
76,2024_02_12_amazon-whole foods-114-4301237-1545802.pdf_0,"[{""item price"":""$3.19"",""item name"":""Clover Sonoma Organic Milk, 32 Fl Oz"",""quantity of item"":""1"",""condition"":""New"",""sold by"":""Whole Foods Market (seller profile)"",""supplied by"":""Other""},{""item name"":""PASTA ETC Traditional Basil Pesto, 7 OZ"",""item price"":""$9.29"",""sold by"":""Whole Foods Market (seller profile)"",""condition"":""New"",""supplied by"":""Other"",""quantity of item"":""1""},{""supplied by"":""Other"",""sold by"":""Whole Foods Market (seller profile)"",""item price"":""($0.89/lb)"",""quantity of item"":""5 (1.97 lb)"",""condition"":""New"",""item name"":""Banana, 1 Each""},{""condition"":""New"",""quantity of item"":""1"",""sold by"":""Whole Foods Market (seller profile)"",""item name"":""Banana, 1 Each"",""supplied by"":""Other"",""item price"":""$1.75""},{""item price"":""$4.99"",""supplied by"":""Other"",""item name"":""Organic Angel Sweet Grape Tomatoes, One pint"",""condition"":""New"",""sold by"":""Whole Foods Market (seller profile)"",""quantity of item"":""1 of""},{""item name"":""365 By Whole Foods Market, Ravioli Cheese Three, 9 Ounce"",""item price"":""$5.99"",""sold by"":""Whole Foods Market (seller profile)"",""quantity of item"":""1 of"",""condition"":""New"",""supplied by"":""Other""},{""supplied by"":""Other"",""sold by"":""Whole Foods Market (seller profile)"",""quantity of item"":""1 of"",""item price"":""$4.49"",""condition"":""New"",""item name"":""Oatly Low Fat Oat Milk, 64 oz""},{""sold by"":""Whole Foods Market (seller profile)"",""quantity of item"":""1 of"",""supplied by"":""Other"",""condition"":""New"",""item price"":""$5.49"",""item name"":""365 by Whole Foods Market, Organic Golden Round Crackers, 12 Ounce""},{""condition"":""New"",""item name"":""Organic Red Bell Pepper, 1 Each"",""sold by"":""Whole Foods Market (seller profile)"",""item price"":""($4.49/lb)"",""quantity of item"":""1 (0.44 lb)"",""supplied by"":""Other""},{""supplied by"":""Other"",""item name"":""Organic Strawberries, 1 Lb"",""item price"":""$7.99"",""condition"":""New"",""sold by"":""Whole Foods Market (seller profile)"",""quantity of item"":""1""},{""condition"":""New"",""item price"":""($10.99/lb)"",""quantity of item"":""1.49 lb"",""item name"":""Mary's Chicken, Chicken Breast Boneless Skinless Air Chilled Tray Pack Organic Step 3"",""sold by"":""Whole Foods Market (seller profile)"",""supplied by"":""Other""},{""quantity of item"":""2 of"",""sold by"":""Whole Foods Market (seller profile)"",""condition"":""New"",""item name"":""Alexandre Family Farms, Organic Pasture Raised Jumbo Brown Eggs, 6 ct"",""item price"":""$5.69"",""supplied by"":""Other""},{""item price"":""$9.99"",""item name"":""Rao's Homemade Marinara Sauce, 24 oz, All Purpose Tomato Sauce, Pasta Sauce, Carb Conscious, Keto Friendly, All Natural, Premium Quality, With Italian Tomatoes & Olive Oil"",""condition"":""New"",""sold by"":""Whole Foods Market (seller profile)"",""supplied by"":""Other"",""quantity of item"":""1""},{""sold by"":""Whole Foods Market (seller profile)"",""quantity of item"":""1 of"",""condition"":""New"",""supplied by"":""Other"",""item name"":""Organic Apple Honeycrisp, 48 Ounce Bag"",""item price"":""$8.99""},{""quantity of item"":""1 (1.21 lb)"",""condition"":""New"",""item name"":""Organic Broccoli, 1 Each"",""sold by"":""Whole Foods Market (seller profile)"",""supplied by"":""Other"",""item price"":""($3.49/lb)""},{""item name"":""Beef Loin Flank Steak Pasture Raised Step 4"",""sold by"":""Whole Foods Market (seller profile)"",""quantity of item"":""1.67 Ib"",""item price"":""($17.99/lb)"",""condition"":""New"",""supplied by"":""Other""},{""supplied by"":""Other"",""sold by"":""Whole Foods Market (seller profile)"",""condition"":""New"",""item price"":""$10.49"",""item name"":""DIESTEL TURKEY RANCH Ground Turkey Breast, 16 OZ"",""quantity of item"":""1 of""},{""item name"":""365 by Whole Foods Market, Organic Baby Spinach, 5 oz"",""quantity of item"":""1 of"",""item price"":""$3.29"",""sold by"":""Whole Foods Market (seller profile)"",""condition"":""New"",""supplied by"":""Other""},{""item name"":""De Cecco Farfalle Pasta, 16 Oz"",""sold by"":""Whole Foods Market (seller profile)"",""quantity of item"":""1 of"",""item price"":""null"",""condition"":""New"",""supplied by"":""Other""},{""item price"":""$4.99"",""supplied by"":""Other"",""item name"":""Organic Blueberries, 12 Oz"",""sold by"":""Whole Foods Market (seller profile)"",""condition"":""New"",""quantity of item"":""1 of""},{""item price"":""$6.99"",""sold by"":""Whole Foods Market (seller profile)"",""quantity of item"":""1 of"",""condition"":""New"",""supplied by"":""Other"",""item name"":""FAGE Total Greek Yogurt, 0% Nonfat, Plain, 32 oz""},{""condition"":""New"",""quantity of item"":""2 of"",""supplied by"":""Other"",""item price"":""$4.99"",""sold by"":""Whole Foods Market (seller profile)"",""item name"":""365   by  Whole   Foods   Market,   Ravioli  Mushroom     Organic,8     Ounce""},{""supplied by"":""Other"",""quantity of item"":""null"",""sold by"":""Whole Foods Market (seller profile)"",""condition"":""New"",""item name"":""365   by  Whole    Foods  Market,   Organic   Hass   Avocados,4      Count"",""item price"":""$4.79""},{""condition"":""New"",""quantity of item"":""4"",""item price"":null,""item name"":""Organic Hass Avocados"",""supplied by"":""Other"",""sold by"":""Whole Foods Market (seller profile)""}]",114-4301237-1545802,"February 11,2024","February 12,2024",$208.41,$188.46,$9.95
77,2024_02_20_amazon-whole foods-114-3709549-4142610.pdf_0,"[{""item name"":""365 by Whole Foods Market, Organic Pinto Beans, 15.5 Ounce"",""supplied by"":""Other"",""sold by"":""Whole Foods Market (seller profile)"",""quantity of item"":""2"",""item price"":""$1.79"",""condition"":""New""},{""sold by"":""Whole Foods Market (seller profile)"",""item name"":""365 By Whole Foods Market, Organic Sliced Havarti, 6 Ounce"",""quantity of item"":""1"",""item price"":""$4.79"",""supplied by"":""Other"",""condition"":""New""},{""condition"":""New"",""item name"":""365 by Whole Foods Market, Peanut Butter Pretzel Nuggets, 18 Ounce"",""item price"":""$5.49"",""supplied by"":""Other"",""quantity of item"":""1"",""sold by"":""Whole Foods Market (seller profile)""},{""item price"":""$4.49"",""condition"":""New"",""quantity of item"":""1"",""supplied by"":""Other"",""sold by"":""Whole Foods Market (seller profile)"",""item name"":""Cedar's Organic Original Hommus, 10 Oz""},{""sold by"":""Whole Foods Market (seller profile)"",""item price"":""$27.05"",""quantity of item"":""2.85 lb"",""item name"":""Mary's Chicken, Chicken Breast Boneless Skinless Air Chilled Tray Pack Organic Step 3"",""condition"":""New"",""supplied by"":""Other""},{""quantity of item"":""2"",""item name"":""365 by Whole Foods Market, Unsalted Black Beans, 15 Ounce"",""condition"":""New"",""supplied by"":""Other"",""sold by"":""Whole Foods Market (seller profile)"",""item price"":""$1.49""},{""sold by"":""Whole Foods Market (seller profile)"",""quantity of item"":""1"",""condition"":""New"",""item price"":""$8.99"",""item name"":""Applegate, Organic Oven Roasted Turkey Breast, 6oz"",""supplied by"":""Other""},{""sold by"":""Whole Foods Market (seller profile)"",""supplied by"":""Other"",""item price"":""$10.99"",""condition"":""New"",""item name"":""Diestel, Fresh 99%/1% Organic Ground Turkey Breast, 1 lb"",""quantity of item"":""1""},{""item name"":""FAGE Total Greek Yogurt, 0% Nonfat, Plain, 32 oz"",""supplied by"":""Other"",""quantity of item"":""1"",""condition"":""New"",""item price"":""$6.99"",""sold by"":""Whole Foods Market (seller profile)""},{""sold by"":""Whole Foods Market (seller profile)"",""supplied by"":""Other"",""item price"":""$3.50"",""item name"":""Organic Angel Sweet Grape Tomatoes, One pint"",""quantity of item"":""1"",""condition"":""New""},{""condition"":""New"",""item price"":""$4.29"",""quantity of item"":""1"",""sold by"":""Whole Foods Market (seller profile)"",""supplied by"":""Other"",""item name"":""365 by Whole Foods Market, Bean Green Microwave Trimmed Organic, 12 Ounce""},{""item price"":""$6.99"",""quantity of item"":""1"",""sold by"":""Whole Foods Market (seller profile)"",""supplied by"":""Other"",""condition"":""New"",""item name"":""Organic Strawberries, 1 Lb""},{""supplied by"":""Other"",""condition"":""New"",""quantity of item"":""1"",""item price"":""$8.99"",""item name"":""Organic Apple Honeycrisp, 48 Ounce Bag"",""sold by"":""Whole Foods Market (seller profile)""},{""supplied by"":""Other"",""quantity of item"":""1"",""item name"":""365 by Whole Foods Market, Organic Unsalted Cannellini Beans, 13.4 Ounce"",""sold by"":""Whole Foods Market (seller profile)"",""condition"":""New"",""item price"":""$1.79""},{""quantity of item"":""1"",""item name"":""Nature's Path Organic Gluten Free Brown Sugar Maple Instant Oatmeal, 8 Packets, Non-GMO, 31g Whole Grains, 4g Plant Based Protein, 11.3 Ounce"",""item price"":""$6.39"",""supplied by"":""Other"",""sold by"":""Whole Foods Market (seller profile)"",""condition"":""New""},{""sold by"":""Whole Foods Market (seller profile)"",""item price"":""$3.29"",""supplied by"":""Other"",""condition"":""New"",""item name"":""365 by Whole Foods Market, Heavy Cream Organic, 16 Ounce"",""quantity of item"":""1""},{""quantity of item"":""1 (1.30 lb)"",""condition"":""New"",""supplied by"":""Other"",""item name"":""Organic Broccoli, 1 Each"",""item price"":""$4.54"",""sold by"":""Whole Foods Market (seller profile)""},{""sold by"":""Whole Foods Market (seller profile)"",""quantity of item"":""1"",""supplied by"":""Other"",""condition"":""New"",""item price"":""$4.99"",""item name"":""Organic Blueberries, 12 Oz""},{""supplied by"":""Other"",""quantity of item"":""1"",""condition"":""New"",""item price"":""$9.69"",""item name"":""Applegate Farms, Turkey Honey Maple Family Size, 10.5 Ounce"",""sold by"":""Whole Foods Market (seller profile)""},{""item name"":""JUDYS Organic Extra Large Grade AA Eggs, 12 CT"",""supplied by"":""Other"",""condition"":""New"",""quantity of item"":""1"",""item price"":""$7.29"",""sold by"":""Whole Foods Market (seller profile)""},{""quantity of item"":""1"",""sold by"":""Whole Foods Market (seller profile)"",""item name"":""365 by Whole Foods Market, Sauce Tomato Organic, 8 Ounce"",""supplied by"":""Other"",""item price"":""$1.49"",""condition"":""New""},{""supplied by"":""Other"",""quantity of item"":""1"",""item name"":""365 By Whole Foods Market, Fettuccine Nest,8 Ounce"",""item price"":""$4.99"",""condition"":""New"",""sold by"":""Whole Foods Market (seller profile)""},{""condition"":""New"",""supplied by"":""Other"",""quantity of item"":""1"",""sold by"":""Whole Foods Market (seller profile)"",""item name"":""365 by Whole Foods Market, Organic Baby Spinach,5 oz"",""item price"":""$2.99""},{""quantity of item"":""1"",""item name"":""365 by Whole Foods Market, Carrot Baby Peeled Bag,32 Ounce"",""item price"":""$3.49"",""supplied by"":""Other"",""condition"":""New"",""sold by"":""Whole Foods Market (seller profile)""},{""quantity of item"":""1"",""condition"":""New"",""supplied by"":""Other"",""item name"":""Organic Baby Spinach,5 oz"",""item price"":""$2.99"",""sold by"":""Whole Foods Market (seller profile)""},{""sold by"":""Whole Foods Market (seller profile)"",""supplied by"":""Other"",""item name"":""Carrot Baby Peeled Bag,32 Ounce"",""condition"":""New"",""item price"":""$3.49"",""quantity of item"":""1""},{""item price"":null,""supplied by"":""Other"",""condition"":""New"",""item name"":""Organic Red Bell Pepper,1 Each"",""quantity of item"":""2 (1.04 lb)"",""sold by"":""Whole Foods Market (seller profile) $4.67""},{""quantity of item"":""1 (0.35 lb)"",""item price"":null,""item name"":""Organic Yellow Bell Pepper,1 Each"",""condition"":""New"",""sold by"":""Whole Foods Market (seller profile) $1.57"",""supplied by"":""Other""}]",114-3709549-4142610,"February 19,2024","February 20,2024",$211.14,$191.19,
78,2024_02_20_amazon-whole foods-114-8405704-8735431.pdf_0,"[{""item name"":""Mission Burrito Flour Tortillas, Large Size, 16 Count, Trans Fat Free"",""sold by"":""Prime Now LLC (seller profile)"",""condition"":""New"",""quantity of item"":""1"",""item price"":""$6.99"",""supplied by"":""Other""},{""item name"":""Thomas' Original English Muffins, 6 count, 13 oz"",""item price"":""$4.99"",""supplied by"":""Other"",""quantity of item"":""2"",""sold by"":""Prime Now LLC (seller profile)"",""condition"":""New""},{""supplied by"":""Other"",""item name"":""Kellogg's Frosted Mini-Wheats Cold Breakfast Cereal, High-Fiber, Whole Grain, Family Size, Strawberry, 22oz Box (1 Box)"",""condition"":""New"",""sold by"":""Prime Now LLC (seller profile)"",""item price"":""$6.99"",""quantity of item"":""1""},{""supplied by"":""Other"",""quantity of item"":""1"",""item price"":""$4.29"",""condition"":""New"",""item name"":""365 by Whole Foods Market, Granola French Vanilla Almond Organic, 17 Ounce"",""sold by"":""Prime Now LLC (seller profile)""},{""quantity of item"":""1"",""item price"":""$4.69"",""condition"":""New"",""supplied by"":""Other"",""sold by"":""Prime Now LLC (seller profile)"",""item name"":""Organic Red Raspberries, 6 Oz""},{""item price"":""$5.49"",""sold by"":""Prime Now LLC (seller profile)"",""item name"":""Oroweat Whole Grains 100% Whole Wheat Bread, Wheat Bread Free From Artificial Colors, Flavors and Preservatives, 24 oz Loaf"",""condition"":""New"",""supplied by"":""Other"",""quantity of item"":""1""},{""supplied by"":""Other"",""item price"":""$5.49"",""quantity of item"":""1"",""condition"":""New"",""sold by"":""Prime Now LLC (seller profile)"",""item name"":""Honey Bunches of Oats with Strawberries Breakfast Cereal, Strawberry Cereal with Oats and Granola Clusters, 11 OZ Box""},{""item price"":""$3.99"",""supplied by"":""Other"",""sold by"":""Prime Now LLC (seller profile)"",""condition"":""New"",""item name"":""Organic Mini Cucumbers, 12 oz"",""quantity of item"":""1""},{""quantity of item"":""1"",""supplied by"":""Other"",""condition"":""New"",""sold by"":""Prime Now LLC (seller profile)"",""item price"":""$5.99"",""item name"":""Quaker Instant Oatmeal, Strawberries & Cream, 8.4 Oz""},{""supplied by"":""Other"",""sold by"":""Prime Now LLC (seller profile)"",""quantity of item"":""2"",""item name"":""Thomas' Plain Bagels, 6 count, 20 oz"",""condition"":""New"",""item price"":""$4.99""},{""item name"":""SkinnyPop Popcorn, Gluten Free, Dairy Free, Non-GMO, Healthy Snacks, Skinny Pop Original Popcorn Snack Packs,0.65oz"",""sold by"":""Prime Now LLC (seller profile)"",""quantity of item"":""1"",""supplied by"":""Other"",""condition"":""New"",""item price"":""$6.69""},{""sold by"":""Prime Now LLC (seller profile)"",""condition"":""New"",""supplied by"":""Other"",""item price"":""$3.99"",""quantity of item"":""1"",""item name"":""365 By Whole Foods Market, Milk 2% Organic, 64 Fl Oz""},{""sold by"":""Prime Now LLC (seller profile)"",""item name"":""Earthbound Farm Organic Classic Caesar Salad Kit"",""condition"":""New"",""supplied by"":""Other"",""item price"":""$4.99"",""quantity of item"":""1""},{""item price"":""$3.54"",""quantity of item"":""1"",""sold by"":""Prime Now LLC (seller profile)"",""supplied by"":""Other"",""item name"":""Roman's Bakehouse Pita Bread Original Mini, 200g"",""condition"":""New""},{""condition"":""New"",""supplied by"":""Other"",""sold by"":""Prime Now LLC (seller profile)"",""item name"":""Rosarita No Fat Traditional Refried Beans, 16 oz"",""quantity of item"":""1"",""item price"":""$1.99""},{""condition"":""New"",""item price"":""$0.89"",""quantity of item"":""1"",""supplied by"":""Other"",""sold by"":""Prime Now LLC (seller profile)"",""item name"":""Jiffy Muffin Mix, Corn, 8.5 oz""},{""condition"":""New"",""supplied by"":""Other"",""quantity of item"":""1"",""item price"":""$1.99"",""item name"":""Daisy Light Sour Cream, 8 oz"",""sold by"":""Prime Now LLC (seller profile)""},{""item price"":""$1.99"",""supplied by"":""Other"",""sold by"":""Prime Now LLC (seller profile)"",""quantity of item"":""1"",""condition"":""New"",""item name"":""Organic Bananas Bunch""},{""item name"":""GoGo squeeZ Fruit on the Go Variety Pack, Apple & Gimme Five!, 3.2 oz (Pack of 12), Unsweetened Fruit Snacks for Kids, Gluten Free, Nut Free and Dairy Free, Recloseable Cap, BPA Free Pouches"",""sold by"":""Prime Now LLC (seller profile)"",""item price"":null,""condition"":""New"",""quantity of item"":""1"",""supplied by"":""Other""},{""supplied by"":""Other"",""item price"":""$5.49"",""item name"":""Chobani\u00ae Low-Fat Vanilla Greek Yogurt, Mixed Berry on the Bottom 5.3oz 4-pack"",""sold by"":""Prime Now LLC (seller profile)"",""condition"":""New"",""quantity of item"":""1""}]",114-8405704-8735431,"February 20,2024","February 20,2024",$102.95,$105.93,$0.00
79,2024_03_03_amazon-whole foods-111-8923613-0417818.pdf_0,"[{""sold by"":""Prime Now LLC (seller profile)"",""supplied by"":""Other"",""item price"":""$32.49"",""quantity of item"":""1 of"",""item name"":""Nature Made Vitamin E 180 mg (400 IU) dl-Alpha, Dietary Supplement for Antioxidant Support, 300 Softgels, 300 Day"",""condition"":""New""},{""supplied by"":""Other"",""item price"":""$5.99"",""sold by"":""Prime Now LLC (seller profile)"",""condition"":""New"",""item name"":""Cheerios Multi Grain Cheerios Heart Healthy Cereal, 18 OZ Family Size Cereal Box"",""quantity of item"":""1 of""},{""supplied by"":""Other"",""sold by"":""Prime Now LLC (seller profile)"",""quantity of item"":""2 of"",""item price"":""$4.29"",""item name"":""365 by Whole Foods Market, Granola French Vanilla Almond Organic, 17 Ounce"",""condition"":""New""},{""item name"":""Barbara's Original Puffins Cereal, Puffed Kids Cereal with Corn and Oats, Vegan, Kosher, Non-GMO Project Verified, 10 OZ Box"",""supplied by"":""Other"",""sold by"":""Prime Now LLC (seller profile)"",""condition"":""New"",""quantity of item"":""1 of"",""item price"":""$4.99""},{""item price"":""$5.69"",""sold by"":""Prime Now LLC (seller profile)"",""quantity of item"":""1 of"",""item name"":""Honey Bunches of Oats Honey Roasted Breakfast Cereal, Honey Oats Cereal with Granola Clusters, 12 OZ Box"",""condition"":""New"",""supplied by"":""Other""},{""item name"":""Organic Blackberries, 6 Oz"",""quantity of item"":""1 of"",""supplied by"":""Other"",""condition"":""New"",""item price"":""$4.69"",""sold by"":""Prime Now LLC (seller profile)""},{""supplied by"":""Other"",""item name"":""Spindrift, Sparkling Water, Lemon, 12 oz, (pack of 8)"",""sold by"":""Prime Now LLC (seller profile)"",""condition"":""New"",""item price"":""$6.99"",""quantity of item"":""1 of""},{""sold by"":""Prime Now LLC (seller profile)"",""condition"":""New"",""item name"":""Organic Bananas Bunch"",""quantity of item"":""1 of"",""supplied by"":""Other"",""item price"":""$1.99""},{""supplied by"":""Other"",""item price"":""$4.69"",""condition"":""New"",""item name"":""Organic Red Raspberries, 6 Oz"",""sold by"":""Prime Now LLC (seller profile)"",""quantity of item"":""1 of""},{""item price"":""$7.29"",""condition"":""New"",""item name"":""Campho Phenique Cold Sore and Fever Blister Treatment for Lips, Maximum Strength Provides Instant Relief, Helps\n        Prevent Infection To Promote Healing, Original Gel Formula,0.23 Oz"",""supplied by"":""Other"",""sold by"":""Prime Now LLC (seller profile)"",""quantity of item"":""1 of""},{""condition"":""New"",""supplied by"":""Other"",""item price"":""$9.39"",""item name"":""Organic   Strawberries,1     Lb"",""sold by"":""Prime Now LLC (seller profile)"",""quantity of item"":""1 of""}]",111-8923613-0417818,"March 3,2024","March 3,2024",$109.70,$92.78,$6.95
80,2024_03_10_amazon-fresh-111-1006473-8177043.pdf_0,"[{""sold by"":""Amazon.com Services, Inc"",""item price"":""$4.97"",""supplied by"":""Other"",""quantity of item"":""1"",""condition"":""New"",""item name"":""Crest Kid's Cavity Protection Toothpaste (children and toddlers 2+), Sparkle Fun, 4.6 Oz (Pack of 3)""},{""item name"":""Colgate Total Whitening Toothpaste, 10 Benefits, No Trade-Offs, Freshens Breath, Whitens Teeth and Provides Sensitivity Relief, Mint Flavor, 4 Pack, 5.1 Oz Tubes"",""supplied by"":""Other"",""quantity of item"":""1"",""item price"":""$16.18"",""sold by"":""Amazon.com Services, Inc"",""condition"":""New""},{""item price"":""$19.99"",""quantity of item"":""1"",""supplied by"":""Other"",""condition"":""New"",""item name"":""Pantene Daily Moisture Renewal Shampoo with Hair Mask Treatment, Pro-V for Dry Damaged Hair, Antioxidant-Rich, Hydrating & Nourishing, Safe for Color-Treated Hair, 27.7 Fl Oz Each, 2 Pack"",""sold by"":""Amazon.com Services, Inc""},{""item price"":""$43.49"",""condition"":""New"",""sold by"":""Amazon.com Services, Inc"",""quantity of item"":""1"",""item name"":""Bounty Quick-Size Paper Towels, White,16 Family Rolls = 40 Regular Rolls"",""supplied by"":""Other""}]",111-1006473-8177043,"March  10,2024","March 10, 2024",$0.00,$84.63,$0.00
81,2024_03_11_amazon-whole foods-114-0049858-4233879.pdf_0,"[{""item name"":""Native Forest Coconut Milk Simple, 13.5 oz"",""quantity of item"":""2"",""condition"":""New"",""sold by"":""Whole Foods Market (seller profile)"",""item price"":""$4.19"",""supplied by"":""Other""},{""sold by"":""Whole Foods Market (seller profile)"",""condition"":""New"",""quantity of item"":""1"",""item price"":""$4.39"",""supplied by"":""Other"",""item name"":""365 by Whole Foods Market, Naan Tandoori Garlic, 12 Ounce""},{""condition"":""New"",""quantity of item"":""2"",""item price"":""$3.19"",""item name"":""Muir Glen Organic Diced Canned Tomatoes, No Salt Added, 14.5 oz."",""sold by"":""Whole Foods Market (seller profile)"",""supplied by"":""Other""},{""supplied by"":""Other"",""item price"":""$4.85"",""quantity of item"":""1"",""condition"":""New"",""sold by"":""Whole Foods Market (seller profile)"",""item name"":""Chobani\u00ae Non-Fat Greek Yogurt Peach on the Bottom 5.3oz 4-pack""},{""condition"":""New"",""sold by"":""Whole Foods Market (seller profile)"",""supplied by"":""Other"",""quantity of item"":""1"",""item name"":""365 by Whole Foods Market, Unsalted Black Beans, 15 Ounce"",""item price"":""$1.59""},{""quantity of item"":""2 (0.89 lb)"",""supplied by"":""Other"",""item name"":""Organic Red Bell Pepper"",""condition"":""New"",""sold by"":""Whole Foods Market (seller profile)"",""item price"":""$4.00""},{""condition"":""New"",""supplied by"":""Other"",""quantity of item"":""1"",""item price"":""$9.29"",""sold by"":""Whole Foods Market (seller profile)"",""item name"":""PASTA ETC Traditional Basil Pesto, 7 OZ""},{""condition"":""New"",""supplied by"":""Other"",""sold by"":""Whole Foods Market (seller profile)"",""item name"":""SkinnyPop Popcorn, Gluten Free, Dairy Free, Non-GMO, Healthy Snacks, Skinny Pop Original Popcorn Snack Packs, 0.65oz Individual Size Snack Bags (6 Count)"",""item price"":""$6.99"",""quantity of item"":""1""},{""item price"":""$1.08"",""item name"":""Onion Shallot Organic, 1 Each"",""sold by"":""Whole Foods Market (seller profile)"",""quantity of item"":""1 (0.18 lb)"",""condition"":""New"",""supplied by"":""Other""},{""condition"":""New"",""item name"":""Pirate's Booty Aged White Cheddar Cheese Puffs 6ct, 1oz Individual Snack Size Bags, Gluten Free, Healthy Kids"",""supplied by"":""Other"",""quantity of item"":""1"",""sold by"":""Whole Foods Market (seller profile)"",""item price"":""$7.99""},{""quantity of item"":""1"",""item name"":""SkinnyPop Popcorn White Cheddar Snack Packs, Halloween Snacks for Kids, 0.65 Oz, 6 Count"",""condition"":""New"",""supplied by"":""Other"",""sold by"":""Whole Foods Market (seller profile)"",""item price"":""$6.99""},{""supplied by"":""Other"",""quantity of item"":""6 (2.39 lb)"",""item name"":""Banana, 1 Each"",""sold by"":""Whole Foods Market (seller profile)"",""item price"":""$2.13"",""condition"":""New""},{""condition"":""New"",""sold by"":""Whole Foods Market (seller profile)"",""quantity of item"":""1"",""item name"":""Whole Foods Market, Mini Quiche Trio, 15 ct, (Frozen)"",""supplied by"":""Other"",""item price"":""$8.99""},{""supplied by"":""Other"",""condition"":""New"",""item name"":""DIESTEL TURKEY RANCH Ground Turkey Breast, 16 OZ"",""item price"":null,""quantity of item"":""1"",""sold by"":""Whole Foods Market (seller profile)""},{""condition"":""New"",""supplied by"":""Other"",""item price"":""$4.99"",""quantity of item"":""1"",""item name"":""Organic Angel Sweet Grape Tomatoes, One pint"",""sold by"":""Whole Foods Market (seller profile)""},{""supplied by"":""Other"",""item name"":""Lemon Regular Organic, 1 Each"",""condition"":""New"",""item price"":null,""sold by"":""Whole Foods Market (seller profile)"",""quantity of item"":""1""},{""item name"":""Organic Apple Honeycrisp, 48 Ounce Bag"",""supplied by"":""Other"",""item price"":""$8.99"",""sold by"":""Whole Foods Market (seller profile)"",""quantity of item"":""1"",""condition"":""New""},{""condition"":""New"",""supplied by"":""Other"",""sold by"":""Whole Foods Market (seller profile)"",""item name"":""WESTBRAE NATURAL Organic Lentils, 15 OZ"",""item price"":""$3.69"",""quantity of item"":""1""},{""item name"":""365 by Whole Foods Market, Tomatoes Crushed No Salt Added Organic, 15 Ounce"",""condition"":""New"",""sold by"":""Whole Foods Market (seller profile)"",""supplied by"":""Other"",""quantity of item"":""1"",""item price"":""$2.79""},{""item name"":""365 by Whole Foods Market, Granola French Vanilla Almond Organic, 17 Ounce"",""supplied by"":""Other"",""quantity of item"":""1"",""sold by"":""Whole Foods Market (seller profile)"",""item price"":""$4.29"",""condition"":""New""},{""quantity of item"":""1"",""item price"":""$5.99"",""sold by"":""Whole Foods Market (seller profile)"",""item name"":""Organic Blueberries, 12 Oz"",""supplied by"":""Other"",""condition"":""New""},{""item price"":""$3.99"",""supplied by"":""Other"",""sold by"":""Whole Foods Market (seller profile)"",""item name"":""365 by Whole Foods Market, Garlic Peeled 6Oz Organic, 6 Ounce"",""condition"":""New"",""quantity of item"":""1""},{""supplied by"":""Other"",""quantity of item"":""1"",""condition"":""New"",""sold by"":""Whole Foods Market (seller profile)"",""item name"":""SkinnyPop Popcorn White Cheddar Snack Packs, Halloween Snacks for Kids, 0.65 Oz, 6 Count"",""item price"":""$6.99""},{""supplied by"":""Other"",""sold by"":""Whole Foods Market (seller profile)"",""quantity of item"":""1"",""condition"":""New"",""item price"":""$13.99""},{""supplied by"":""Other"",""item price"":""$13.99"",""sold by"":""Whole Foods Market (seller profile)"",""quantity of item"":""1"",""condition"":""New""},{""supplied by"":""Other"",""sold by"":""Whole Foods Market (seller profile)"",""condition"":""New"",""item name"":""Stacy's Simply Naked Pita Chips Party Size Bag, 18 Ounce"",""quantity of item"":""1"",""item price"":""$7.99""},{""item price"":""$2.99"",""condition"":""New"",""sold by"":""Whole Foods Market (seller profile)"",""item name"":""365 by Whole Foods Market, Organic Baby Spinach, 5 oz"",""quantity of item"":""1"",""supplied by"":""Other""},{""supplied by"":""Other"",""item name"":""365 by Whole Foods Market, Organic Cauliflower Florets, 10 Ounce"",""item price"":""$4.29"",""quantity of item"":""1"",""condition"":""New"",""sold by"":""Whole Foods Market (seller profile)""},{""item name"":""365 by Whole Foods Market, Organic Instant Oatmeal Original 8 Pack, 11.3 Ounce"",""quantity of item"":""1"",""sold by"":""Whole Foods Market (seller profile)"",""supplied by"":""Other"",""item price"":""$3.99"",""condition"":""New""},{""quantity of item"":""1"",""sold by"":""Whole Foods Market (seller profile)"",""item price"":""$4.29"",""item name"":""365 by Whole Foods Market, Bean Green Microwave Trimmed Organic, 12 Ounce"",""condition"":""New"",""supplied by"":""Other""},{""item name"":""Annie's Organic Cheddar Snack Mix With Assorted Crackers and Pretzels, 9 oz."",""sold by"":""Whole Foods Market (seller profile)"",""condition"":""New"",""item price"":""$7.49"",""quantity of item"":""1"",""supplied by"":""Other""},{""supplied by"":""Other"",""sold by"":""Whole Foods Market (seller profile)"",""quantity of item"":""1"",""item name"":""Chobani\u00ae Low-Fat Vanilla Greek Yogurt, Mixed Berry on the Bottom 5.3oz 4-pack"",""condition"":""New"",""item price"":""$4.85""},{""supplied by"":""Other"",""item name"":""JUDYS Organic Extra Large Grade AA Eggs, 12 CT"",""condition"":""New"",""item price"":""$7.29"",""sold by"":""Whole Foods Market (seller profile)"",""quantity of item"":""1""},{""condition"":""New"",""sold by"":""Whole Foods Market (seller profile)"",""item name"":""Large Organic Hass Avocado"",""quantity of item"":""1"",""supplied by"":""Other"",""item price"":""$2.49""},{""sold by"":""Whole Foods Market (seller profile)"",""item price"":""$6.39"",""item name"":""365 by Whole Foods Market, Flour Tortillas Family Pack, 18 Count"",""condition"":""New"",""quantity of item"":""1"",""supplied by"":""Other""},{""sold by"":""Whole Foods Market (seller profile)"",""quantity of item"":""1"",""condition"":""New"",""supplied by"":""Other"",""item price"":""$1.79"",""item name"":""365 by Whole Foods Market, Organic Spaghetti, 16 Ounce""},{""condition"":""New"",""item name"":""SkinnyPop Popcorn White Cheddar Snack Packs, Halloween Snacks for Kids, 0.65 Oz, 6 Count"",""item price"":""$6.99"",""sold by"":""Whole Foods Market (seller profile)"",""supplied by"":""Other"",""quantity of item"":""1""},{""sold by"":""Whole Foods Market (seller profile)"",""supplied by"":""Other"",""quantity of item"":""1"",""condition"":""New"",""item price"":""$3.19"",""item name"":""365 by Whole Foods Market, Peas Green Petite Organic, 16 Ounce""},{""item price"":""$6.99"",""item name"":""Organic Strawberries, 1 Lb"",""condition"":""New"",""supplied by"":""Other"",""sold by"":""Whole Foods Market (seller profile)"",""quantity of item"":""1""},{""item name"":""GoGo squeeZ Fruit on the Go Organic Variety Pack, Apple, Strawberry & Banana, 3.2 oz (Pack of 12), Unsweetened Organic Snacks for Kids, No Gluten, Nut & Dairy, Recloseable Cap, BPA Free Pouches"",""supplied by"":""Other"",""condition"":""New"",""quantity of item"":""1"",""sold by"":""Whole Foods Market (seller profile)"",""item price"":""$13.99""},{""quantity of item"":""1"",""supplied by"":""Other"",""sold by"":""Whole Foods Market (seller profile)"",""condition"":""New"",""item name"":""365 by Whole Foods Market, Tofu Firm Organic, 14 Ounce"",""item price"":""$2.69""},{""sold by"":""Whole Foods Market (seller profile)"",""quantity of item"":""1"",""supplied by"":""Other"",""item price"":""$9.99"",""item name"":""Rao's Homemade Tomato Sauce, Sensitive Formula, 24 oz, Pasta Sauce, Carb Conscious, Keto Friendly, All Natural, Premium Quality, No Onions or Garlic, With Italian Tomatoes & Olive Oil"",""condition"":""New""},{""condition"":""New"",""supplied by"":""Other"",""item name"":""Organic Broccoli, 1 Each"",""item price"":""$4.08"",""quantity of item"":""1.17 lb"",""sold by"":""Whole Foods Market (seller profile)""},{""condition"":""New"",""sold by"":""Whole Foods Market (seller profile)"",""supplied by"":""Other"",""quantity of item"":""1"",""item name"":""365 by Whole Foods Market, Organic Taco Seasoning, 1 Ounce"",""item price"":""$1.49""},{""item name"":""Pork Loin Chop Bone-In Organic Step 1"",""item price"":""$17.88"",""supplied by"":""Other"",""condition"":""New"",""sold by"":""Whole Foods Market (seller profile)"",""quantity of item"":""1.79 lb""},{""condition"":""New"",""quantity of item"":""1"",""supplied by"":""Other"",""sold by"":""Whole Foods Market (seller profile)"",""item price"":""$7.49"",""item name"":""Dave's Killer Bread Organic White Bread Done Right - 24 oz Loaf""},{""sold by"":""Whole Foods Market (seller profile)"",""condition"":""New"",""item name"":""365 by Whole Foods Market, Natural Buttery Flavor Snack Crackers, 16 Ounce"",""quantity of item"":""1"",""item price"":""$4.99"",""supplied by"":""Other""}]",114-0049858-4233879,"March 11,2024","March 11,2024",$279.32,$259.37,$9.95
82,2024_03_17_amazon-whole foods-114-0531493-9933867.pdf_0,"[{""condition"":""New"",""sold by"":""Whole Foods Market (seller profile)"",""quantity of item"":""3 (2.18 lb)"",""item price"":""$5.43"",""item name"":""Organic Yellow Onion"",""supplied by"":""Other""},{""item price"":""$4.69"",""item name"":""365 by Whole Foods Market, Coriander Ground Organic, 1.52 Ounce"",""condition"":""New"",""sold by"":""Whole Foods Market (seller profile)"",""quantity of item"":""1"",""supplied by"":""Other""},{""quantity of item"":""1"",""sold by"":""Whole Foods Market (seller profile)"",""item price"":""$8.49"",""item name"":""Artisola Pasta, Organic Spinach & Cheese Ravioli, 8 oz"",""condition"":""New"",""supplied by"":""Other""},{""supplied by"":""Other"",""item price"":""$4.69"",""quantity of item"":""1"",""item name"":""365 by Whole Foods Market, Paprika Organic, 1.69 Ounce"",""sold by"":""Whole Foods Market (seller profile)"",""condition"":""New""},{""condition"":""New"",""quantity of item"":""1"",""item name"":""Rao's Homemade Marinara Sauce, 24 oz, All Purpose Tomato Sauce, Pasta Sauce, Carb Conscious, Keto Friendly, All Natural, Premium Quality, With Italian Tomatoes & Olive Oil"",""item price"":""$9.99"",""supplied by"":""Other"",""sold by"":""Whole Foods Market (seller profile)""},{""item name"":""365 by Whole Foods Market, Blend Mexican Shred, 8 Ounce"",""supplied by"":""Other"",""item price"":""$3.99"",""quantity of item"":""1"",""sold by"":""Whole Foods Market (seller profile)"",""condition"":""New""},{""sold by"":""Whole Foods Market (seller profile)"",""supplied by"":""Other"",""condition"":""New"",""quantity of item"":""1"",""item price"":""$6.99"",""item name"":""Organic Strawberries, 1 Lb""},{""sold by"":""Whole Foods Market (seller profile)"",""item name"":""JUDYS Organic Extra Large Grade AA Eggs, 12 CT"",""quantity of item"":""1"",""condition"":""New"",""item price"":""$7.29"",""supplied by"":""Other""},{""supplied by"":""Other"",""quantity of item"":""1"",""condition"":""New"",""item price"":""$11.49"",""sold by"":""Whole Foods Market (seller profile)"",""item name"":""EEL RIVER ORGANIC BEEF Organic Ground Beef 93% Lean/7% Fat, 16 OZ""},{""sold by"":""Whole Foods Market (seller profile)"",""condition"":""New"",""item price"":""$4.79"",""item name"":""365 By Whole Foods Market, Organic Sliced Havarti, 6 Ounce"",""supplied by"":""Other"",""quantity of item"":""1""},{""item name"":""Nature's  Path   Organic   Gluten  Free   Brown   Sugar   Maple   Instant  Oatmeal,8      Packets,  Non-GMO,31g        Whole   Grains"",""supplied by"":""Other"",""condition"":""New"",""item price"":""$6.39"",""sold by"":""Whole Foods Market (seller profile)"",""quantity of item"":""1""},{""item name"":""Potato Sweet Orange Organic"",""condition"":""New"",""item price"":""$2.88"",""sold by"":""Whole Foods Market (seller profile)"",""supplied by"":""Other"",""quantity of item"":""2 (1.07 lb)""},{""sold by"":""Whole Foods Market (seller profile)"",""condition"":""New"",""supplied by"":""Other"",""item price"":""$4.79"",""quantity of item"":""1"",""item name"":""HATCH CHILI COMPANY Organic Mild Red Enchilada Sauce, 15 OZ""},{""item name"":""Bonne Maman Preserve, Strawberry, 13-Ounce"",""quantity of item"":""1"",""supplied by"":""Other"",""condition"":""New"",""item price"":""$6.49"",""sold by"":""Whole Foods Market (seller profile)""},{""supplied by"":""Other"",""item price"":""$5.99"",""item name"":""Organic Blueberries, 12 Oz"",""sold by"":""Whole Foods Market (seller profile)"",""condition"":""New"",""quantity of item"":""1""},{""item name"":""Brussels Sprout Organic, 16 Ounce"",""quantity of item"":""1"",""sold by"":""Whole Foods Market (seller profile)"",""item price"":""$4.99"",""condition"":""New"",""supplied by"":""Other""},{""condition"":""New"",""sold by"":""Whole Foods Market (seller profile)"",""item name"":""CENTO FOODS Tomato Paste, 4.56 OZ"",""quantity of item"":""1"",""item price"":""$4.29"",""supplied by"":""Other""},{""sold by"":""Whole Foods Market (seller profile)"",""item price"":""$4.79"",""condition"":""New"",""supplied by"":""Other"",""quantity of item"":""1"",""item name"":""365 by Whole Foods Market, Organic Red Lentils, 16 Ounce""},{""item name"":""Organic Zucchini Squash"",""quantity of item"":""1 (0.48 lb)"",""supplied by"":""Other"",""sold by"":""Whole Foods Market (seller profile)"",""condition"":""New"",""item price"":""$1.44""},{""supplied by"":""Other"",""sold by"":""Whole Foods Market (seller profile)"",""item name"":""Organic Carrots, 1 Bunch"",""item price"":""$2.99"",""quantity of item"":""1"",""condition"":""New""},{""condition"":""New"",""sold by"":""Whole Foods Market (seller profile)"",""item price"":""$5.49"",""item name"":""Organic Red Creamer Potatoes, 24 Ounce"",""supplied by"":""Other"",""quantity of item"":""1""},{""condition"":""New"",""sold by"":""Whole Foods Market (seller profile)"",""item price"":""$6.21"",""supplied by"":""Other"",""item name"":""Organic Green Cabbage"",""quantity of item"":""1 (3.12 lb)""},{""item price"":""$2.69"",""item name"":""365    by Whole    Foods  Market,    Organic   No  Salt Added    Whole   Kernel   Corn,15.25     Ounce"",""quantity of item"":""1"",""supplied by"":""Other"",""condition"":""New"",""sold by"":""Whole Foods Market (seller profile)""},{""item price"":null,""item name"":""Kitchen Basics Organic Vegetable Stock, 32 fl oz"",""condition"":""New"",""sold by"":""Whole Foods Market (seller profile)"",""supplied by"":""Other"",""quantity of item"":""1""},{""condition"":""New"",""item price"":""$3.95"",""sold by"":""Whole Foods Market (seller profile)"",""quantity of item"":""1"",""supplied by"":""Other"",""item name"":""Kitchen Basics Organic Vegetable Stock, 32 fl oz""},{""supplied by"":""Other"",""quantity of item"":""1 (0.45 lb)"",""item price"":""$2.02"",""item name"":""Organic Yellow Bell Pepper"",""sold by"":""Whole Foods Market (seller profile)"",""condition"":""New""},{""item price"":""$0.99"",""supplied by"":""Other"",""quantity of item"":""1"",""item name"":""Lemon Regular Organic, 1 Each"",""condition"":""New"",""sold by"":""Whole Foods Market (seller profile)""},{""item price"":""$2.49"",""condition"":""New"",""sold by"":""Whole Foods Market (seller profile)"",""item name"":""Large Organic Hass Avocado"",""supplied by"":""Other"",""quantity of item"":""1""},{""item name"":""365 by Whole Foods Market, Onion Powder Organic, 1.73 Ounce"",""sold by"":""Whole Foods Market (seller profile)"",""quantity of item"":""1"",""supplied by"":""Other"",""item price"":""$4.49"",""condition"":""New""},{""supplied by"":""Other"",""item name"":""Organic Red Bell Pepper"",""sold by"":""Whole Foods Market (seller profile)"",""item price"":""$1.89"",""condition"":""New"",""quantity of item"":""1 (0.42 lb)""},{""condition"":""New"",""sold by"":""Whole Foods Market (seller profile)"",""supplied by"":""Other"",""item price"":""$19.38"",""item name"":""Whole Foods Market Uncured Half Corned Beef Brisket"",""quantity of item"":""1 (1.96 lb)""},{""quantity of item"":""1 (0.15 lb)"",""item price"":""$0.90"",""sold by"":""Whole Foods Market (seller profile)"",""condition"":""New"",""item name"":""Organic Ginger Root"",""supplied by"":""Other""},{""condition"":""New"",""sold by"":""Whole Foods Market (seller profile)"",""quantity of item"":""1"",""item price"":""$5.99"",""supplied by"":""Other"",""item name"":""365 By Whole Foods Market, Ravioli Cheese Three, 9 Ounce""},{""condition"":""New"",""supplied by"":""Other"",""sold by"":""Whole Foods Market (seller profile)"",""item name"":""365 by Whole Foods Market, Peanut Butter Pretzel Nuggets, 18 Ounce"",""quantity of item"":""1"",""item price"":""$4.99""}]",114-0531493-9933867,"March 17,2024","March 17,2024",$179.31,$174.36,$4.95
83,2024_03_17_amazon-whole foods-114-6112067-0222648.pdf_0,"[{""sold by"":""Prime Now LLC (seller profile)"",""supplied by"":""Other"",""quantity of item"":""1"",""item price"":""$5.49"",""item name"":""McCormick Gourmet Organic Ground Turmeric, 1.37 Oz"",""condition"":""New""},{""quantity of item"":""1"",""supplied by"":""Other"",""condition"":""New"",""item name"":""Organic Bananas Bunch"",""sold by"":""Prime Now LLC (seller profile)"",""item price"":""$1.99""},{""item price"":""$5.69"",""condition"":""New"",""sold by"":""Prime Now LLC (seller profile)"",""item name"":""Honey Bunches of Oats with Strawberries Breakfast Cereal, Strawberry Cereal with Oats and Granola Clusters, 11 OZ Box"",""supplied by"":""Other"",""quantity of item"":""1""},{""supplied by"":""Other"",""sold by"":""Prime Now LLC (seller profile)"",""item name"":""Daisy, Sour Cream, Light, 16 oz"",""item price"":""$2.99"",""quantity of item"":""2"",""condition"":""New""},{""sold by"":""Prime Now LLC (seller profile)"",""item name"":""365 by Whole Foods Market, Organic Penne Rigate, 16 Ounce"",""quantity of item"":""1"",""item price"":""$1.79"",""condition"":""New"",""supplied by"":""Other""},{""supplied by"":""Other"",""item price"":""$4.19"",""sold by"":""Prime Now LLC (seller profile)"",""quantity of item"":""1"",""condition"":""New"",""item name"":""Mission Soft Taco Flour Tortillas, Medium Size, 10 Count, Trans Fat Free""},{""condition"":""New"",""item price"":""$3.99"",""quantity of item"":""1"",""item name"":""Organic Mini Cucumbers"",""sold by"":""Prime Now LLC (seller profile)"",""supplied by"":""Other""},{""item price"":""$3.54"",""quantity of item"":""1"",""item name"":""Roman's Bakehouse Pita Bread Original Mini, 200g"",""condition"":""New"",""supplied by"":""Other"",""sold by"":""Prime Now LLC (seller profile)""},{""supplied by"":""Other"",""item name"":""SkinnyPop Popcorn White Cheddar Snack Packs, Halloween Snacks for Kids, 0.65 Oz, 6 Count"",""quantity of item"":""1"",""condition"":""New"",""item price"":""$6.99"",""sold by"":""Prime Now LLC (seller profile)""},{""item price"":""$3.59"",""supplied by"":""Other"",""sold by"":""Prime Now LLC (seller profile)"",""item name"":""De Cecco Farfalle Pasta, 16 Oz"",""condition"":""New"",""quantity of item"":""1""},{""sold by"":""Prime Now LLC (seller profile)"",""item price"":""$4.39"",""condition"":""New"",""supplied by"":""Other"",""quantity of item"":""1"",""item name"":""organicgirl  Organic   True  Hearts   Butter  Plus,4   oz""},{""sold by"":""Prime Now LLC (seller profile)"",""quantity of item"":""1"",""item name"":""365   by  Whole   Foods   Market,  Granola    French  Vanilla  Almond    Organic,17     Ounce"",""supplied by"":""Other"",""condition"":""New"",""item price"":""$4.29""},{""sold by"":""Prime Now LLC (seller profile)"",""supplied by"":""Other"",""quantity of item"":""1"",""item name"":""365   by  Whole   Foods  Market,   Granola    French  Vanilla  Almond    Organic,17     Ounce"",""item price"":""$4.29"",""condition"":""New""},{""item price"":""$7.49"",""condition"":""New"",""item name"":""Applegate,   Natural   Oven   Roasted   Turkey   Breast,7oz"",""supplied by"":""Other"",""quantity of item"":""1"",""sold by"":""Prime Now LLC (seller profile)""},{""item price"":""$4.69"",""condition"":""New"",""item name"":""Organic  Red   Raspberries,6     Oz"",""supplied by"":""Other"",""quantity of item"":""1"",""sold by"":""Prime Now LLC (seller profile)""},{""item price"":""$4.98"",""sold by"":""Prime Now LLC (seller profile)"",""supplied by"":""Other"",""quantity of item"":""1"",""condition"":""New"",""item name"":""Kellogg's  Frosted   Mini-Wheats    Cold  Breakfast    Cereal,  High-Fiber,   Whole   Grain,  Family   Size,  Strawberry,22oz      Box   (1 Box)""},{""item price"":null,""condition"":""New"",""quantity of item"":""1"",""item name"":""Kellogg's  Rice  Krispies  Cold  Breakfast   Cereal,8    Vitamins   and  Minerals,   Rice Krispies   Treats,  Large  Size,  Original,120z     Box     $6.79"",""sold by"":""Prime Now LLC (seller profile)"",""supplied by"":""Other""},{""quantity of item"":""1"",""item price"":""$4.99"",""sold by"":""Prime Now LLC (seller profile)"",""condition"":""New"",""item name"":""Earthbound    Farm   Organic   Classic  Caesar   Salad   Kit"",""supplied by"":""Other""},{""sold by"":""Prime Now LLC (seller profile)"",""condition"":""New"",""item name"":""SkinnyPop    Popcorn,   Gluten   Free, Dairy   Free,  Non-GMO,     Healthy   Snacks,   Skinny   Pop  Original  Popcorn   Snack    Packs,0.65oz        $6.99"",""supplied by"":""Other"",""quantity of item"":""1"",""item price"":null},{""condition"":""New"",""supplied by"":""Other"",""sold by"":""Prime Now LLC (seller profile)"",""item price"":""$10.29"",""quantity of item"":""1"",""item name"":""GoGo   squeeZ   Fruit  on the  Go  Variety   Pack,  Apple  &  Gimme    Five!,3.2   oz  (Pack  of  12), Unsweetened      Fruit Snacks    for Kids""},{""condition"":""New"",""supplied by"":""Other"",""sold by"":""Prime Now LLC (seller profile)"",""quantity of item"":""1"",""item name"":""YumEarth    Organic   Gummy     Bears   -Fruity  Gummy      Candy   Snack   Packs,  Gluten   Free  Snacks   for Kids-   Allergy  Friendly,  Non-     $10.17"",""item price"":null},{""sold by"":""Prime Now LLC (seller profile)"",""quantity of item"":""1"",""condition"":""New"",""item price"":""$14.49"",""item name"":""Tillamook   Medium    Cheddar    Cheese    Block,  2lb"",""supplied by"":""Other""},{""condition"":""New"",""item name"":""365 by Whole Foods Market, Organic Fusilli Pasta, 16 Ounce"",""quantity of item"":""1"",""item price"":""$1.79"",""sold by"":""Prime Now LLC (seller profile)"",""supplied by"":""Other""},{""quantity of item"":""1"",""sold by"":""Prime Now LLC (seller profile)"",""condition"":null,""supplied by"":""Other"",""item price"":""$14.49"",""item name"":""Tillamook   Medium    Cheddar    Cheese    Block,  2lb""},{""condition"":""New"",""sold by"":""Prime Now LLC (seller profile)"",""supplied by"":""Other"",""quantity of item"":""1"",""item price"":""$1.79"",""item name"":""365 by Whole Foods Market, Organic Fusilli Pasta, 16 Ounce""},{""sold by"":""Prime Now LLC (seller profile)"",""item name"":""La Victoria Red Enchilada Sauce Traditional, Mild, 28 oz"",""supplied by"":""Other"",""item price"":""$4.29"",""condition"":""New"",""quantity of item"":""1""},{""sold by"":""Prime Now LLC (seller profile)"",""condition"":""New"",""item price"":""$3.88"",""item name"":""Cedar's Foods, Cucumber Garlic Tzatziki, 12 oz"",""supplied by"":""Other"",""quantity of item"":""1""},{""item price"":""$6.49"",""sold by"":""Prime Now LLC (seller profile)"",""quantity of item"":""1"",""condition"":""New"",""supplied by"":""Other""},{""quantity of item"":""1"",""sold by"":""Prime Now LLC (seller profile)"",""item price"":""$1.99"",""item name"":""Rosarita No Fat Traditional Refried Beans, 16 oz"",""supplied by"":""Other"",""condition"":""New""},{""condition"":""New"",""item name"":""Organic Blackberries, 6 Oz"",""sold by"":""Prime Now LLC (seller profile)"",""quantity of item"":""1"",""item price"":""$4.69"",""supplied by"":""Other""},{""item price"":""$12.29"",""supplied by"":""Other"",""sold by"":""Prime Now LLC (seller profile)"",""quantity of item"":""2"",""condition"":""New""},{""item price"":null,""supplied by"":""Other"",""condition"":""New"",""quantity of item"":""1"",""item name"":""Oroweat Whole Grains 100% Whole Wheat Bread, Wheat Bread Free From Artificial Colors, Flavors and Preservatives, 24 oz Loaf"",""sold by"":""Prime Now LLC (seller profile)""}]",114-6112067-0222648,"March  17,2024","March    17,2024",$188.56,$180.09,$0.00
